<?xml version="1.0" encoding="UTF-8"?>
<!DOCTYPE html PUBLIC "-//W3C//DTD XHTML 1.0 Transitional//EN"
    "http://www.w3.org/TR/xhtml1/DTD/xhtml1-transitional.dtd">
<html xmlns="http://www.w3.org/1999/xhtml" xml:lang="en" lang="en">
 <head>
  <title>
</title>
<meta http-equiv="Content-Type" content="text/html;charset=utf-8" />
  <meta name='ocr-system' content='tesseract 3.04.00' />
  <meta name='ocr-capabilities' content='ocr_page ocr_carea ocr_par ocr_line ocrx_word'/>
</head>
<body>
  <div class='ocr_page' id='page_1' title='image "./deseleucohomeri00mlgoog_0020.png"; bbox 0 0 3250 4980; ppageno 0'>
   <div class='ocr_carea' id='block_1_1' title="bbox 686 320 896 450">
    <p class='ocr_par' dir='ltr' id='par_1_1' title="bbox 686 320 896 450">
     <span class='ocr_line' id='line_1_1' title="bbox 686 320 896 450; baseline 0 -30"><span class='ocrx_word' id='word_1_1' title='bbox 686 320 896 450; x_wconf 74' lang='lat'><em>..„,·</em></span> 
     </span>
    </p>
   </div>
   <div class='ocr_carea' id='block_1_2' title="bbox 129 529 1434 3786">
    <p class='ocr_par' dir='ltr' id='par_1_2' title="bbox 157 529 1434 2313">
     <span class='ocr_line' id='line_1_2' title="bbox 158 529 1434 624; baseline 0.001 -19"><span class='ocrx_word' id='word_1_2' title='bbox 158 545 232 608; x_wconf 92' lang='lat' dir='ltr'>loco</span> <span class='ocrx_word' id='word_1_3' title='bbox 255 543 403 624; x_wconf 90' lang='lat' dir='ltr'>quamvis</span> <span class='ocrx_word' id='word_1_4' title='bbox 433 551 465 606; x_wconf 91' lang='lat' dir='ltr'>et</span> <span class='ocrx_word' id='word_1_5' title='bbox 494 544 525 604; x_wconf 95' lang='lat' dir='ltr'>in</span> <span class='ocrx_word' id='word_1_6' title='bbox 547 542 635 605; x_wconf 92' lang='lat' dir='ltr'>bello</span> <span class='ocrx_word' id='word_1_7' title='bbox 657 551 690 604; x_wconf 93' lang='lat' dir='ltr'>et</span> <span class='ocrx_word' id='word_1_8' title='bbox 713 543 744 604; x_wconf 94' lang='lat' dir='ltr'>in</span> <span class='ocrx_word' id='word_1_9' title='bbox 769 541 904 604; x_wconf 91' lang='lat' dir='ltr'>consilio</span> <span class='ocrx_word' id='word_1_10' title='bbox 926 541 1141 604; x_wconf 86' lang='lat' dir='ltr'>excellentem</span> <span class='ocrx_word' id='word_1_11' title='bbox 1171 543 1294 605; x_wconf 90' lang='lat' dir='ltr'>invitari</span> <span class='ocrx_word' id='word_1_12' title='bbox 1317 529 1434 624; x_wconf 90' lang='lat' dir='ltr'>possit</span> 
     </span>
     <span class='ocr_line' id='line_1_3' title="bbox 159 645 1421 731; baseline 0 -21"><span class='ocrx_word' id='word_1_13' title='bbox 159 649 265 710; x_wconf 91' lang='lat' dir='ltr'>mirari</span> <span class='ocrx_word' id='word_1_14' title='bbox 295 645 420 731; x_wconf 83' lang='lat' dir='ltr'>aliquis,</span> <span class='ocrx_word' id='word_1_15' title='bbox 454 648 497 709; x_wconf 94' lang='lat' dir='ltr'>ob</span> <span class='ocrx_word' id='word_1_16' title='bbox 527 667 600 710; x_wconf 86' lang='lat' dir='ltr'>eam</span> <span class='ocrx_word' id='word_1_17' title='bbox 631 665 763 710; x_wconf 88' lang='lat' dir='ltr'>causam</span> <span class='ocrx_word' id='word_1_18' title='bbox 792 667 866 710; x_wconf 90' lang='lat' dir='ltr'>sero</span> <span class='ocrx_word' id='word_1_19' title='bbox 896 645 1020 709; x_wconf 83' lang='lat' dir='ltr'>invitari</span> <span class='ocrx_word' id='word_1_20' title='bbox 1049 645 1171 722; x_wconf 89' lang='lat' dir='ltr'>dicitur,</span> <span class='ocrx_word' id='word_1_21' title='bbox 1205 648 1294 730; x_wconf 92' lang='lat' dir='ltr'>quod</span> <span class='ocrx_word' id='word_1_22' title='bbox 1315 648 1421 730; x_wconf 86' lang='lat' dir='ltr'>magis</span> 
     </span>
     <span class='ocr_line' id='line_1_4' title="bbox 157 751 1419 835; baseline 0.002 -21"><span class='ocrx_word' id='word_1_23' title='bbox 157 753 308 834; x_wconf 86' lang='lat' dir='ltr'>diligatur</span> <span class='ocrx_word' id='word_1_24' title='bbox 330 773 350 815; x_wconf 93' lang='lat' dir='ltr'>a</span> <span class='ocrx_word' id='word_1_25' title='bbox 370 773 446 834; x_wconf 84' lang='lat' dir='ltr'>rege</span> <span class='ocrx_word' id='word_1_26' title='bbox 463 772 560 834; x_wconf 94' lang='lat' dir='ltr'>quam</span> <span class='ocrx_word' id='word_1_27' title='bbox 583 753 690 816; x_wconf 91' lang='lat' dir='ltr'>ceteri.</span> <span class='ocrx_word' id='word_1_28' title='bbox 724 751 798 814; x_wconf 92' lang='lat' dir='ltr'>Hoc</span> <span class='ocrx_word' id='word_1_29' title='bbox 818 772 862 814; x_wconf 90' lang='lat' dir='ltr'>ex</span> <span class='ocrx_word' id='word_1_30' title='bbox 884 771 925 815; x_wconf 93' lang='lat' dir='ltr'>eo</span> <span class='ocrx_word' id='word_1_31' title='bbox 946 751 1089 833; x_wconf 87' lang='lat' dir='ltr'>intellegi</span> <span class='ocrx_word' id='word_1_32' title='bbox 1111 772 1217 834; x_wconf 90' lang='lat' dir='ltr'>posse,</span> <span class='ocrx_word' id='word_1_33' title='bbox 1238 753 1326 835; x_wconf 92' lang='lat' dir='ltr'>quod</span> <span class='ocrx_word' id='word_1_34' title='bbox 1349 753 1419 835; x_wconf 91' lang='lat' dir='ltr'>ipse</span> 
     </span>
     <span class='ocr_line' id='line_1_5' title="bbox 159 849 1417 946; baseline 0 -26"><span class='ocrx_word' id='word_1_35' title='bbox 159 858 257 922; x_wconf 86' lang='lat' dir='ltr'>irater</span> <span class='ocrx_word' id='word_1_36' title='bbox 279 858 363 940; x_wconf 85' lang='lat' dir='ltr'>regis</span> <span class='ocrx_word' id='word_1_37' title='bbox 385 858 516 921; x_wconf 93' lang='lat' dir='ltr'>omnino</span> <span class='ocrx_word' id='word_1_38' title='bbox 540 878 605 920; x_wconf 93' lang='lat' dir='ltr'>non</span> <span class='ocrx_word' id='word_1_39' title='bbox 627 857 776 920; x_wconf 91' lang='lat' dir='ltr'>invitetur</span> <span class='ocrx_word' id='word_1_40' title='bbox 797 857 855 919; x_wconf 92' lang='lat' dir='ltr'>sed</span> <span class='ocrx_word' id='word_1_41' title='bbox 876 849 1057 938; x_wconf 79' lang='grc' dir='ltr'><strong><em>αὐτόματος</em></strong></span> <span class='ocrx_word' id='word_1_42' title='bbox 1079 863 1194 922; x_wconf 88' lang='lat' dir='ltr'>veniat.</span> <span class='ocrx_word' id='word_1_43' title='bbox 1238 857 1330 946; x_wconf 81' lang='lat' dir='ltr'>Haec</span> <span class='ocrx_word' id='word_1_44' title='bbox 1349 877 1417 920; x_wconf 89' lang='lat' dir='ltr'>sen·</span> 
     </span>
     <span class='ocr_line' id='line_1_6' title="bbox 159 961 1419 1044; baseline -0.001 -18"><span class='ocrx_word' id='word_1_45' title='bbox 159 964 268 1038; x_wconf 90' lang='lat' dir='ltr'>tentia,</span> <span class='ocrx_word' id='word_1_46' title='bbox 300 983 367 1044; x_wconf 90' lang='lat' dir='ltr'>quo</span> <span class='ocrx_word' id='word_1_47' title='bbox 389 964 493 1044; x_wconf 87' lang='lat' dir='ltr'>magis</span> <span class='ocrx_word' id='word_1_48' title='bbox 521 964 718 1027; x_wconf 89' lang='lat' dir='ltr'>necessarius</span> <span class='ocrx_word' id='word_1_49' title='bbox 739 961 855 1042; x_wconf 89' lang='lat' dir='ltr'>aliquis</span> <span class='ocrx_word' id='word_1_50' title='bbox 875 962 917 1025; x_wconf 93' lang='lat' dir='ltr'>sit</span> <span class='ocrx_word' id='word_1_51' title='bbox 945 962 1098 1037; x_wconf 87' lang='lat' dir='ltr'>invitanti,</span> <span class='ocrx_word' id='word_1_52' title='bbox 1132 983 1173 1026; x_wconf 92' lang='lat' dir='ltr'>eo</span> <span class='ocrx_word' id='word_1_53' title='bbox 1195 962 1419 1044; x_wconf 87' lang='lat' dir='ltr'>neglegentius</span> 
     </span>
     <span class='ocr_line' id='line_1_7' title="bbox 159 1066 1418 1151; baseline -0.002 -19"><span class='ocrx_word' id='word_1_54' title='bbox 159 1090 234 1132; x_wconf 92' lang='lat' dir='ltr'>eum</span> <span class='ocrx_word' id='word_1_55' title='bbox 273 1069 414 1142; x_wconf 90' lang='lat' dir='ltr'>invitari,</span> <span class='ocrx_word' id='word_1_56' title='bbox 452 1068 575 1150; x_wconf 88' lang='lat' dir='ltr'>optime</span> <span class='ocrx_word' id='word_1_57' title='bbox 612 1069 750 1151; x_wconf 85' lang='lat' dir='ltr'><strong>quadrat</strong></span> <span class='ocrx_word' id='word_1_58' title='bbox 785 1067 828 1130; x_wconf 89' lang='lat' dir='ltr'>ad</span> <span class='ocrx_word' id='word_1_59' title='bbox 863 1066 1054 1131; x_wconf 89' lang='lat' dir='ltr'>Athenoclis</span> <span class='ocrx_word' id='word_1_60' title='bbox 1090 1068 1177 1150; x_wconf 91' lang='lat' dir='ltr'>apud</span> <span class='ocrx_word' id='word_1_61' title='bbox 1212 1067 1418 1130; x_wconf 85' lang='lat' dir='ltr'>Athenaeum</span> 
     </span>
     <span class='ocr_line' id='line_1_8' title="bbox 158 1163 1420 1259; baseline 0 -23"><span class='ocrx_word' id='word_1_62' title='bbox 158 1174 274 1238; x_wconf 88' lang='lat' dir='ltr'>verba:</span> <span class='ocrx_word' id='word_1_63' title='bbox 321 1166 611 1258; x_wconf 70' lang='grc' dir='ltr'><strong><em>εὐπαιδευτότερον</em></strong></span> <span class='ocrx_word' id='word_1_64' title='bbox 649 1173 762 1237; x_wconf 80' lang='grc' dir='ltr'><strong><em>τοῦτον</em></strong></span> <span class='ocrx_word' id='word_1_65' title='bbox 807 1163 954 1258; x_wconf 87' lang='grc' dir='ltr'><strong><em>Ὅμηρον</em></strong></span> <span class='ocrx_word' id='word_1_66' title='bbox 995 1172 1206 1255; x_wconf 77' lang='grc' dir='ltr'><strong><em>καταλιπεῖν,</em></strong></span> <span class='ocrx_word' id='word_1_67' title='bbox 1251 1164 1319 1258; x_wconf 84' lang='grc' dir='ltr'>ὅσῳ</span> <span class='ocrx_word' id='word_1_68' title='bbox 1362 1175 1420 1259; x_wconf 81' lang='grc' dir='ltr'><strong><em>τῆς</em></strong></span> 
     </span>
     <span class='ocr_line' id='line_1_9' title="bbox 160 1267 1418 1365; baseline -0.004 -21"><span class='ocrx_word' id='word_1_69' title='bbox 160 1273 302 1365; x_wconf 77' lang='grc' dir='ltr'><em>ἀνάγκης</em></span> <span class='ocrx_word' id='word_1_70' title='bbox 330 1271 348 1344; x_wconf 85' lang='grc' dir='ltr'><strong><em>δ</em></strong></span> <span class='ocrx_word' id='word_1_71' title='bbox 377 1276 551 1357; x_wconf 86' lang='grc' dir='ltr'><strong><em>Μενέλεως</em></strong></span> <span class='ocrx_word' id='word_1_72' title='bbox 581 1273 787 1361; x_wconf 81' lang='grc' dir='ltr'><strong><em>οἰκειοτέρως</em></strong></span> <span class='ocrx_word' id='word_1_73' title='bbox 814 1267 909 1359; x_wconf 81' lang='grc' dir='ltr'><strong><em>εἶχεν,</em></strong></span> <span class='ocrx_word' id='word_1_74' title='bbox 942 1279 960 1342; x_wconf 91' lang='lat' dir='ltr'>i.</span> <span class='ocrx_word' id='word_1_75' title='bbox 991 1301 1019 1342; x_wconf 92' lang='lat' dir='ltr'>e.</span> <span class='ocrx_word' id='word_1_76' title='bbox 1050 1299 1091 1342; x_wconf 94' lang='lat' dir='ltr'>eo</span> <span class='ocrx_word' id='word_1_77' title='bbox 1121 1279 1272 1341; x_wconf 90' lang='lat' dir='ltr'>urbanius</span> <span class='ocrx_word' id='word_1_78' title='bbox 1305 1276 1418 1340; x_wconf 83' lang='lat' dir='ltr'>iecisse</span> 
     </span>
     <span class='ocr_line' id='line_1_10' title="bbox 158 1381 1417 1467; baseline -0.002 -19"><span class='ocrx_word' id='word_1_79' title='bbox 158 1395 301 1467; x_wconf 90' lang='lat' dir='ltr'>poetam,</span> <span class='ocrx_word' id='word_1_80' title='bbox 325 1388 414 1466; x_wconf 92' lang='lat' dir='ltr'>quod</span> <span class='ocrx_word' id='word_1_81' title='bbox 436 1382 521 1446; x_wconf 94' lang='lat' dir='ltr'>hunc</span> <span class='ocrx_word' id='word_1_82' title='bbox 535 1383 760 1465; x_wconf 84' lang='lat' dir='ltr'>praeteriisset,</span> <span class='ocrx_word' id='word_1_83' title='bbox 784 1399 851 1462; x_wconf 91' lang='lat' dir='ltr'>quo</span> <span class='ocrx_word' id='word_1_84' title='bbox 874 1384 978 1464; x_wconf 85' lang='lat' dir='ltr'>magis</span> <span class='ocrx_word' id='word_1_85' title='bbox 993 1384 1190 1447; x_wconf 88' lang='lat' dir='ltr'>necessarius</span> <span class='ocrx_word' id='word_1_86' title='bbox 1212 1381 1309 1446; x_wconf 91' lang='lat' dir='ltr'>srater</span> <span class='ocrx_word' id='word_1_87' title='bbox 1331 1382 1417 1445; x_wconf 82' lang='lat' dir='ltr'>fratri</span> 
     </span>
     <span class='ocr_line' id='line_1_11' title="bbox 160 1487 1418 1570; baseline -0.002 -18"><span class='ocrx_word' id='word_1_88' title='bbox 160 1500 254 1553; x_wconf 91' lang='lat' dir='ltr'>esset.</span> <span class='ocrx_word' id='word_1_89' title='bbox 300 1488 457 1553; x_wconf 89' lang='lat' dir='ltr'>Consulto</span> <span class='ocrx_word' id='word_1_90' title='bbox 490 1489 586 1570; x_wconf 87' lang='lat' dir='ltr'>igitur</span> <span class='ocrx_word' id='word_1_91' title='bbox 617 1488 731 1551; x_wconf 84' lang='lat' dir='ltr'>dicitur</span> <span class='ocrx_word' id='word_1_92' title='bbox 764 1487 796 1549; x_wconf 94' lang='lat' dir='ltr'>in</span> <span class='ocrx_word' id='word_1_93' title='bbox 825 1487 949 1550; x_wconf 93' lang='lat' dir='ltr'>scholio</span> <span class='ocrx_word' id='word_1_94' title='bbox 978 1491 1179 1570; x_wconf 84' lang='lat' dir='ltr'>praeteriisse</span> <span class='ocrx_word' id='word_1_95' title='bbox 1209 1489 1418 1570; x_wconf 80' lang='lat' dir='ltr'>Agamemno</span> 
     </span>
     <span class='ocr_line' id='line_1_12' title="bbox 160 1583 1418 1679; baseline 0 -22"><span class='ocrx_word' id='word_1_96' title='bbox 160 1595 301 1659; x_wconf 84' lang='lat' dir='ltr'>fratrem.</span> <span class='ocrx_word' id='word_1_97' title='bbox 346 1595 436 1675; x_wconf 86' lang='lat' dir='ltr'>Ergo</span> <span class='ocrx_word' id='word_1_98' title='bbox 465 1603 602 1675; x_wconf 90' lang='lat' dir='ltr'>possunt</span> <span class='ocrx_word' id='word_1_99' title='bbox 631 1592 780 1673; x_wconf 84' lang='lat' dir='ltr'>coniungi</span> <span class='ocrx_word' id='word_1_100' title='bbox 809 1612 883 1655; x_wconf 92' lang='lat' dir='ltr'>cum</span> <span class='ocrx_word' id='word_1_101' title='bbox 913 1613 954 1656; x_wconf 93' lang='lat' dir='ltr'>eo</span> <span class='ocrx_word' id='word_1_102' title='bbox 983 1615 1088 1678; x_wconf 92' lang='lat' dir='ltr'>neque</span> <span class='ocrx_word' id='word_1_103' title='bbox 1116 1614 1227 1657; x_wconf 89' lang='lat' dir='ltr'>versus</span> <span class='ocrx_word' id='word_1_104' title='bbox 1252 1583 1328 1679; x_wconf 77' lang='grc' dir='ltr'><strong><em>ᾔδεε</em></strong></span> <span class='ocrx_word' id='word_1_105' title='bbox 1357 1587 1418 1676; x_wconf 77' lang='grc' dir='ltr'>γὰρ</span> 
     </span>
     <span class='ocr_line' id='line_1_13' title="bbox 160 1693 1417 1785; baseline -0.002 -21"><span class='ocrx_word' id='word_1_106' title='bbox 160 1695 353 1782; x_wconf 76' lang='grc' dir='ltr'><strong><em>κατὰθομὸν</em></strong></span> <span class='ocrx_word' id='word_1_107' title='bbox 383 1749 422 1766; x_wconf 93' lang='grc'>..</span> <span class='ocrx_word' id='word_1_108' title='bbox 453 1721 557 1780; x_wconf 90' lang='lat' dir='ltr'>neque</span> <span class='ocrx_word' id='word_1_109' title='bbox 584 1719 668 1780; x_wconf 91' lang='lat' dir='ltr'>quae</span> <span class='ocrx_word' id='word_1_110' title='bbox 697 1711 890 1782; x_wconf 91' lang='lat' dir='ltr'>sequuntur:</span> <span class='ocrx_word' id='word_1_111' title='bbox 926 1698 995 1785; x_wconf 74' lang='grc' dir='ltr'>ἅμα</span> <span class='ocrx_word' id='word_1_112' title='bbox 1014 1701 1052 1768; x_wconf 77' lang='grc' dir='ltr'>δὲ</span> <span class='ocrx_word' id='word_1_113' title='bbox 1075 1693 1226 1766; x_wconf 82' lang='grc' dir='ltr'><strong><em>διδάσκει</em></strong></span> <span class='ocrx_word' id='word_1_114' title='bbox 1256 1719 1417 1783; x_wconf 83' lang='grc' dir='ltr'><strong><em>συμπερι-</em></strong></span> 
     </span>
     <span class='ocr_line' id='line_1_14' title="bbox 160 1797 1416 1893; baseline -0.004 -23"><span class='ocrx_word' id='word_1_115' title='bbox 160 1804 328 1893; x_wconf 72' lang='grc' dir='ltr'><strong><em>φέρεσθαι</em></strong></span> <span class='ocrx_word' id='word_1_116' title='bbox 357 1808 430 1884; x_wconf 81' lang='grc' dir='ltr'><strong><em>ταῖς</em></strong></span> <span class='ocrx_word' id='word_1_117' title='bbox 450 1807 514 1870; x_wconf 83' lang='grc' dir='ltr'><strong><em>τῶν</em></strong></span> <span class='ocrx_word' id='word_1_118' title='bbox 541 1797 695 1893; x_wconf 74' lang='grc' dir='ltr'><strong><em>ἀδελφῶν</em></strong></span> <span class='ocrx_word' id='word_1_119' title='bbox 724 1799 899 1886; x_wconf 81' lang='grc' dir='ltr'><strong><em>ἀσχολίαις</em></strong></span> <span class='ocrx_word' id='word_1_120' title='bbox 920 1803 996 1886; x_wconf 61' lang='lat' dir='ltr'>nni,</span> <span class='ocrx_word' id='word_1_121' title='bbox 1030 1826 1105 1870; x_wconf 87' lang='lat' dir='ltr'>nam</span> <span class='ocrx_word' id='word_1_122' title='bbox 1135 1804 1187 1866; x_wconf 88' lang='lat' dir='ltr'>hic</span> <span class='ocrx_word' id='word_1_123' title='bbox 1216 1823 1274 1866; x_wconf 88' lang='lat' dir='ltr'>rex</span> <span class='ocrx_word' id='word_1_124' title='bbox 1297 1803 1416 1866; x_wconf 90' lang='lat' dir='ltr'>oblitus</span> 
     </span>
     <span class='ocr_line' id='line_1_15' title="bbox 159 1907 1417 1994; baseline -0.003 -20"><span class='ocrx_word' id='word_1_125' title='bbox 159 1931 230 1975; x_wconf 92' lang='lat' dir='ltr'>esse</span> <span class='ocrx_word' id='word_1_126' title='bbox 254 1911 358 1974; x_wconf 89' lang='lat' dir='ltr'>fratris</span> <span class='ocrx_word' id='word_1_127' title='bbox 379 1911 502 1975; x_wconf 89' lang='lat' dir='ltr'>dicitur.</span> <span class='ocrx_word' id='word_1_128' title='bbox 546 1910 651 1973; x_wconf 91' lang='lat' dir='ltr'>Prima</span> <span class='ocrx_word' id='word_1_129' title='bbox 678 1920 787 1973; x_wconf 90' lang='lat' dir='ltr'>autem</span> <span class='ocrx_word' id='word_1_130' title='bbox 810 1912 878 1974; x_wconf 91' lang='lat' dir='ltr'>eius</span> <span class='ocrx_word' id='word_1_131' title='bbox 907 1913 1020 1976; x_wconf 87' lang='lat' dir='ltr'>scholii</span> <span class='ocrx_word' id='word_1_132' title='bbox 1042 1931 1118 1994; x_wconf 88' lang='lat' dir='ltr'>pars</span> <span class='ocrx_word' id='word_1_133' title='bbox 1146 1917 1202 1971; x_wconf 89' lang='lat' dir='ltr'>aut</span> <span class='ocrx_word' id='word_1_134' title='bbox 1224 1907 1417 1971; x_wconf 90' lang='lat' dir='ltr'>Athenoclis</span> 
     </span>
     <span class='ocr_line' id='line_1_16' title="bbox 160 2013 1416 2098; baseline -0.002 -20"><span class='ocrx_word' id='word_1_135' title='bbox 160 2025 210 2078; x_wconf 90' lang='lat' dir='ltr'>est</span> <span class='ocrx_word' id='word_1_136' title='bbox 232 2027 288 2080; x_wconf 89' lang='lat' dir='ltr'>aut</span> <span class='ocrx_word' id='word_1_137' title='bbox 309 2017 386 2093; x_wconf 91' lang='lat' dir='ltr'>eius,</span> <span class='ocrx_word' id='word_1_138' title='bbox 410 2036 507 2097; x_wconf 89' lang='lat' dir='ltr'>quem</span> <span class='ocrx_word' id='word_1_139' title='bbox 529 2015 672 2098; x_wconf 92' lang='lat' dir='ltr'>sequitur</span> <span class='ocrx_word' id='word_1_140' title='bbox 693 2015 883 2080; x_wconf 87' lang='lat' dir='ltr'>Athenaeus</span> <span class='ocrx_word' id='word_1_141' title='bbox 905 2019 1055 2092; x_wconf 90' lang='lat' dir='ltr'>auctoris,</span> <span class='ocrx_word' id='word_1_142' title='bbox 1085 2017 1117 2080; x_wconf 94' lang='lat' dir='ltr'>id</span> <span class='ocrx_word' id='word_1_143' title='bbox 1140 2013 1228 2098; x_wconf 90' lang='lat' dir='ltr'>quod</span> <span class='ocrx_word' id='word_1_144' title='bbox 1252 2013 1327 2076; x_wconf 92' lang='lat' dir='ltr'>mihi</span> <span class='ocrx_word' id='word_1_145' title='bbox 1349 2015 1416 2076; x_wconf 88' lang='lat' dir='ltr'>veri</span> 
     </span>
     <span class='ocr_line' id='line_1_17' title="bbox 159 2111 1419 2208; baseline 0.003 -24"><span class='ocrx_word' id='word_1_146' title='bbox 159 2131 209 2184; x_wconf 90' lang='lat' dir='ltr'>est</span> <span class='ocrx_word' id='word_1_147' title='bbox 231 2121 379 2197; x_wconf 89' lang='lat' dir='ltr'>similius;</span> <span class='ocrx_word' id='word_1_148' title='bbox 408 2130 485 2203; x_wconf 90' lang='lat' dir='ltr'>apte</span> <span class='ocrx_word' id='word_1_149' title='bbox 508 2121 593 2183; x_wconf 91' lang='lat' dir='ltr'>enim</span> <span class='ocrx_word' id='word_1_150' title='bbox 621 2130 698 2203; x_wconf 92' lang='lat' dir='ltr'>post</span> <span class='ocrx_word' id='word_1_151' title='bbox 725 2121 837 2184; x_wconf 91' lang='lat' dir='ltr'>scholii</span> <span class='ocrx_word' id='word_1_152' title='bbox 867 2123 966 2187; x_wconf 89' lang='lat' dir='ltr'>verba</span> <span class='ocrx_word' id='word_1_153' title='bbox 994 2119 1050 2190; x_wconf 88' lang='grc' dir='ltr'><strong><em>τὸν</em></strong></span> <span class='ocrx_word' id='word_1_154' title='bbox 1078 2118 1139 2208; x_wconf 76' lang='grc' dir='ltr'>γὰρ</span> <span class='ocrx_word' id='word_1_155' title='bbox 1168 2111 1313 2208; x_wconf 85' lang='grc' dir='ltr'><strong><em>άδελφὸν</em></strong></span> <span class='ocrx_word' id='word_1_156' title='bbox 1341 2115 1419 2188; x_wconf 62' lang='lat' dir='ltr'>oin&amp;</span> 
     </span>
     <span class='ocr_line' id='line_1_18' title="bbox 159 2214 1283 2313; baseline 0 -22"><span class='ocrx_word' id='word_1_157' title='bbox 159 2220 321 2309; x_wconf 79' lang='grc' dir='ltr'><strong><em>ἐκάλεσεν,</em></strong></span> <span class='ocrx_word' id='word_1_158' title='bbox 344 2219 419 2291; x_wconf 80' lang='grc' dir='ltr'><strong><em>ἀλλ’</em></strong></span> <span class='ocrx_word' id='word_1_159' title='bbox 445 2219 627 2309; x_wconf 77' lang='grc' dir='ltr'><strong><em>αὐτόματος</em></strong></span> <span class='ocrx_word' id='word_1_160' title='bbox 648 2214 750 2313; x_wconf 73' lang='grc' dir='ltr'><strong><em>ἦλθεν</em></strong></span> <span class='ocrx_word' id='word_1_161' title='bbox 770 2225 929 2292; x_wconf 90' lang='lat' dir='ltr'>Athenaei</span> <span class='ocrx_word' id='word_1_162' title='bbox 951 2238 1079 2292; x_wconf 88' lang='lat' dir='ltr'>extaret</span> <span class='ocrx_word' id='word_1_163' title='bbox 1099 2227 1283 2308; x_wconf 80' lang='lat' dir='ltr'>disputatio</span> 
     </span>
    </p>

    <p class='ocr_par' dir='ltr' id='par_1_3' title="bbox 129 2330 1417 3786">
     <span class='ocr_line' id='line_1_19' title="bbox 245 2330 1416 2414; baseline 0.002 -20"><span class='ocrx_word' id='word_1_164' title='bbox 245 2330 311 2394; x_wconf 90' lang='lat' dir='ltr'>Sed</span> <span class='ocrx_word' id='word_1_165' title='bbox 326 2343 361 2394; x_wconf 95' lang='lat' dir='ltr'>ut</span> <span class='ocrx_word' id='word_1_166' title='bbox 376 2333 479 2395; x_wconf 91' lang='lat' dir='ltr'>dicam</span> <span class='ocrx_word' id='word_1_167' title='bbox 497 2333 537 2394; x_wconf 92' lang='lat' dir='ltr'>de</span> <span class='ocrx_word' id='word_1_168' title='bbox 552 2331 715 2395; x_wconf 92' lang='lat' dir='ltr'>Athenaei</span> <span class='ocrx_word' id='word_1_169' title='bbox 732 2341 873 2408; x_wconf 85' lang='lat' dir='ltr'>auctore,</span> <span class='ocrx_word' id='word_1_170' title='bbox 892 2334 1087 2398; x_wconf 85' lang='lat' dir='ltr'>offendimus</span> <span class='ocrx_word' id='word_1_171' title='bbox 1108 2334 1138 2395; x_wconf 95' lang='lat' dir='ltr'>in</span> <span class='ocrx_word' id='word_1_172' title='bbox 1154 2332 1297 2414; x_wconf 91' lang='lat' dir='ltr'>capitum</span> <span class='ocrx_word' id='word_1_173' title='bbox 1312 2335 1416 2396; x_wconf 88' lang='lat'>2-18</span> 
     </span>
     <span class='ocr_line' id='line_1_20' title="bbox 158 2437 1417 2522; baseline 0.002 -24"><span class='ocrx_word' id='word_1_174' title='bbox 158 2445 314 2499; x_wconf 90' lang='lat' dir='ltr'>contextu</span> <span class='ocrx_word' id='word_1_175' title='bbox 334 2446 399 2500; x_wconf 91' lang='lat' dir='ltr'>tres</span> <span class='ocrx_word' id='word_1_176' title='bbox 421 2437 594 2519; x_wconf 92' lang='lat' dir='ltr'>ampliores</span> <span class='ocrx_word' id='word_1_177' title='bbox 609 2438 650 2500; x_wconf 93' lang='lat' dir='ltr'>de</span> <span class='ocrx_word' id='word_1_178' title='bbox 672 2437 804 2519; x_wconf 88' lang='lat' dir='ltr'>singulis</span> <span class='ocrx_word' id='word_1_179' title='bbox 819 2438 953 2502; x_wconf 89' lang='lat' dir='ltr'>Homeri</span> <span class='ocrx_word' id='word_1_180' title='bbox 975 2439 1054 2504; x_wconf 92' lang='lat' dir='ltr'>locis</span> <span class='ocrx_word' id='word_1_181' title='bbox 1069 2437 1311 2522; x_wconf 88' lang='lat' dir='ltr'>disputationes,</span> <span class='ocrx_word' id='word_1_182' title='bbox 1333 2459 1417 2519; x_wconf 89' lang='lat' dir='ltr'>quae</span> 
     </span>
     <span class='ocr_line' id='line_1_21' title="bbox 160 2541 1416 2628; baseline 0.002 -25"><span class='ocrx_word' id='word_1_183' title='bbox 160 2541 220 2603; x_wconf 91' lang='lat' dir='ltr'>toti</span> <span class='ocrx_word' id='word_1_184' title='bbox 240 2542 438 2605; x_wconf 88' lang='lat' dir='ltr'>tractationis</span> <span class='ocrx_word' id='word_1_185' title='bbox 460 2543 501 2604; x_wconf 93' lang='lat' dir='ltr'>de</span> <span class='ocrx_word' id='word_1_186' title='bbox 523 2543 675 2605; x_wconf 90' lang='lat' dir='ltr'>conviviis</span> <span class='ocrx_word' id='word_1_187' title='bbox 697 2543 812 2606; x_wconf 91' lang='lat' dir='ltr'>rationi</span> <span class='ocrx_word' id='word_1_188' title='bbox 834 2564 948 2626; x_wconf 90' lang='lat' dir='ltr'>parum</span> <span class='ocrx_word' id='word_1_189' title='bbox 971 2556 1067 2628; x_wconf 90' lang='lat' dir='ltr'>aptae</span> <span class='ocrx_word' id='word_1_190' title='bbox 1089 2565 1161 2608; x_wconf 89' lang='lat' dir='ltr'>esse</span> <span class='ocrx_word' id='word_1_191' title='bbox 1182 2544 1338 2606; x_wconf 87' lang='lat' dir='ltr'>videntur.</span> <span class='ocrx_word' id='word_1_192' title='bbox 1380 2544 1416 2606; x_wconf 92' lang='lat' dir='ltr'>In</span> 
     </span>
     <span class='ocr_line' id='line_1_22' title="bbox 158 2645 1415 2730; baseline 0.003 -23"><span class='ocrx_word' id='word_1_193' title='bbox 158 2645 309 2709; x_wconf 93' lang='lat' dir='ltr'>omnibus</span> <span class='ocrx_word' id='word_1_194' title='bbox 339 2646 545 2711; x_wconf 91' lang='lat' dir='ltr'>Aristarchus</span> <span class='ocrx_word' id='word_1_195' title='bbox 575 2649 689 2711; x_wconf 91' lang='lat' dir='ltr'>acriter</span> <span class='ocrx_word' id='word_1_196' title='bbox 721 2649 928 2730; x_wconf 86' lang='lat' dir='ltr'>vituperatur.</span> <span class='ocrx_word' id='word_1_197' title='bbox 973 2651 1064 2714; x_wconf 91' lang='lat' dir='ltr'>Duas</span> <span class='ocrx_word' id='word_1_198' title='bbox 1093 2649 1220 2714; x_wconf 86' lang='lat' dir='ltr'>Seleuci</span> <span class='ocrx_word' id='word_1_199' title='bbox 1249 2669 1321 2712; x_wconf 89' lang='lat' dir='ltr'>esse</span> <span class='ocrx_word' id='word_1_200' title='bbox 1352 2649 1415 2711; x_wconf 84' lang='lat' dir='ltr'>iarn</span> 
     </span>
     <span class='ocr_line' id='line_1_23' title="bbox 157 2752 1417 2838; baseline 0.003 -26"><span class='ocrx_word' id='word_1_201' title='bbox 157 2752 459 2816; x_wconf 86' lang='lat' dir='ltr'>demonstravimus.</span> <span class='ocrx_word' id='word_1_202' title='bbox 504 2753 594 2834; x_wconf 86' lang='lat' dir='ltr'>Ergo</span> <span class='ocrx_word' id='word_1_203' title='bbox 621 2753 677 2816; x_wconf 88' lang='lat' dir='ltr'>vix</span> <span class='ocrx_word' id='word_1_204' title='bbox 705 2763 815 2835; x_wconf 92' lang='lat' dir='ltr'>potest</span> <span class='ocrx_word' id='word_1_205' title='bbox 837 2756 1008 2838; x_wconf 91' lang='lat' dir='ltr'>quisquam</span> <span class='ocrx_word' id='word_1_206' title='bbox 1033 2756 1188 2827; x_wconf 92' lang='lat' dir='ltr'>dubitare,</span> <span class='ocrx_word' id='word_1_207' title='bbox 1219 2755 1296 2837; x_wconf 94' lang='lat' dir='ltr'>quin</span> <span class='ocrx_word' id='word_1_208' title='bbox 1323 2755 1417 2817; x_wconf 91' lang='lat' dir='ltr'>tertia</span> 
     </span>
     <span class='ocr_line' id='line_1_24' title="bbox 157 2857 1417 2943; baseline 0.004 -26"><span class='ocrx_word' id='word_1_209' title='bbox 157 2857 263 2919; x_wconf 90' lang='lat' dir='ltr'>eidem</span> <span class='ocrx_word' id='word_1_210' title='bbox 294 2858 459 2923; x_wconf 88' lang='lat' dir='ltr'>debeatur.</span> <span class='ocrx_word' id='word_1_211' title='bbox 511 2858 638 2921; x_wconf 90' lang='lat' dir='ltr'>Eodem</span> <span class='ocrx_word' id='word_1_212' title='bbox 669 2858 871 2924; x_wconf 84' lang='lat' dir='ltr'>referendum</span> <span class='ocrx_word' id='word_1_213' title='bbox 904 2871 970 2936; x_wconf 92' lang='lat' dir='ltr'>est,</span> <span class='ocrx_word' id='word_1_214' title='bbox 1006 2863 1094 2943; x_wconf 91' lang='lat' dir='ltr'>quod</span> <span class='ocrx_word' id='word_1_215' title='bbox 1128 2870 1242 2924; x_wconf 90' lang='lat' dir='ltr'>contra</span> <span class='ocrx_word' id='word_1_216' title='bbox 1274 2859 1417 2922; x_wconf 90' lang='lat' dir='ltr'>Platonis</span> 
     </span>
     <span class='ocr_line' id='line_1_25' title="bbox 157 2963 1415 3049; baseline 0.004 -27"><span class='ocrx_word' id='word_1_217' title='bbox 157 2963 453 3043; x_wconf 88' lang='lat' dir='ltr'>interpretationem</span> <span class='ocrx_word' id='word_1_218' title='bbox 475 2984 587 3027; x_wconf 90' lang='lat' dir='ltr'>versus</span> <span class='ocrx_word' id='word_1_219' title='bbox 602 2964 638 3025; x_wconf 95' lang='lat' dir='ltr'>B.</span> <span class='ocrx_word' id='word_1_220' title='bbox 654 2965 717 3041; x_wconf 93' lang='lat'>408</span> <span class='ocrx_word' id='word_1_221' title='bbox 740 2965 854 3029; x_wconf 93' lang='lat' dir='ltr'>dicitur</span> <span class='ocrx_word' id='word_1_222' title='bbox 876 2988 907 3049; x_wconf 90' lang='lat' dir='ltr'>p.</span> <span class='ocrx_word' id='word_1_223' title='bbox 930 2970 988 3048; x_wconf 90' lang='lat'>178</span> <span class='ocrx_word' id='word_1_224' title='bbox 998 2987 1088 3041; x_wconf 88' lang='lat' dir='ltr'>a-e,</span> <span class='ocrx_word' id='word_1_225' title='bbox 1113 2987 1187 3030; x_wconf 91' lang='lat' dir='ltr'>nam</span> <span class='ocrx_word' id='word_1_226' title='bbox 1211 2966 1358 3046; x_wconf 88' lang='lat' dir='ltr'>quamvis</span> <span class='ocrx_word' id='word_1_227' title='bbox 1379 2974 1415 3028; x_wconf 89' lang='lat' dir='ltr'>ut</span> 
     </span>
     <span class='ocr_line' id='line_1_26' title="bbox 157 3067 1413 3152; baseline 0.003 -23"><span class='ocrx_word' id='word_1_228' title='bbox 157 3068 189 3128; x_wconf 94' lang='lat' dir='ltr'>in</span> <span class='ocrx_word' id='word_1_229' title='bbox 212 3067 363 3131; x_wconf 92' lang='lat' dir='ltr'>Herodici</span> <span class='ocrx_word' id='word_1_230' title='bbox 385 3070 529 3151; x_wconf 87' lang='lat' dir='ltr'>partibus</span> <span class='ocrx_word' id='word_1_231' title='bbox 551 3069 643 3132; x_wconf 91' lang='lat' dir='ltr'>Plato</span> <span class='ocrx_word' id='word_1_232' title='bbox 666 3071 887 3152; x_wconf 83' lang='lat' dir='ltr'>compelletur,</span> <span class='ocrx_word' id='word_1_233' title='bbox 921 3083 1031 3135; x_wconf 85' lang='lat' dir='ltr'>tamen</span> <span class='ocrx_word' id='word_1_234' title='bbox 1051 3071 1126 3134; x_wconf 94' lang='lat' dir='ltr'>nihil</span> <span class='ocrx_word' id='word_1_235' title='bbox 1148 3072 1212 3135; x_wconf 90' lang='lat' dir='ltr'>hoc</span> <span class='ocrx_word' id='word_1_236' title='bbox 1234 3071 1349 3134; x_wconf 92' lang='lat' dir='ltr'>attinet</span> <span class='ocrx_word' id='word_1_237' title='bbox 1371 3071 1413 3133; x_wconf 93' lang='lat' dir='ltr'>ad</span> 
     </span>
     <span class='ocr_line' id='line_1_27' title="bbox 157 3175 1416 3256; baseline 0.005 -22"><span class='ocrx_word' id='word_1_238' title='bbox 157 3175 377 3237; x_wconf 84' lang='lat' dir='ltr'>conviviorum</span> <span class='ocrx_word' id='word_1_239' title='bbox 407 3176 684 3256; x_wconf 91' lang='lat' dir='ltr'>comparationem</span> <span class='ocrx_word' id='word_1_240' title='bbox 711 3175 753 3237; x_wconf 89' lang='lat' dir='ltr'>ab</span> <span class='ocrx_word' id='word_1_241' title='bbox 781 3177 836 3239; x_wconf 93' lang='lat' dir='ltr'>illo</span> <span class='ocrx_word' id='word_1_242' title='bbox 859 3179 1046 3241; x_wconf 91' lang='lat' dir='ltr'>institutam.</span> <span class='ocrx_word' id='word_1_243' title='bbox 1090 3177 1194 3239; x_wconf 91' lang='lat' dir='ltr'>Prima</span> <span class='ocrx_word' id='word_1_244' title='bbox 1225 3176 1324 3240; x_wconf 90' lang='lat' dir='ltr'>verba</span> <span class='ocrx_word' id='word_1_245' title='bbox 1346 3193 1416 3253; x_wconf 89' lang='lat' dir='ltr'>c.4</span> 
     </span>
     <span class='ocr_line' id='line_1_28' title="bbox 129 3268 1414 3368; baseline 0.005 -28"><span class='ocrx_word' id='word_1_246' title='bbox 129 3356 131 3360; x_wconf 23' lang='grc' dir='ltr'>Ι</span> <span class='ocrx_word' id='word_1_247' title='bbox 157 3274 310 3358; x_wconf 77' lang='grc' dir='ltr'><strong><em>ἐδίδαξεν</em></strong></span> <span class='ocrx_word' id='word_1_248' title='bbox 338 3273 368 3345; x_wconf 78' lang='grc' dir='ltr'>δ’</span> <span class='ocrx_word' id='word_1_249' title='bbox 394 3272 546 3368; x_wconf 84' lang='grc' dir='ltr'><strong><em>Ὅμηρος</em></strong></span> <span class='ocrx_word' id='word_1_250' title='bbox 570 3278 628 3344; x_wconf 84' lang='grc' dir='ltr'>καὶ</span> <span class='ocrx_word' id='word_1_251' title='bbox 651 3268 708 3357; x_wconf 75' lang='grc' dir='ltr'>οὓς</span> <span class='ocrx_word' id='word_1_252' title='bbox 730 3273 766 3346; x_wconf 76' lang='grc' dir='ltr'>οὔ</span> <span class='ocrx_word' id='word_1_253' title='bbox 790 3281 842 3348; x_wconf 90' lang='grc' dir='ltr'><strong><em>δεῖ</em></strong></span> <span class='ocrx_word' id='word_1_254' title='bbox 862 3281 978 3348; x_wconf 86' lang='grc' dir='ltr'><strong><em>καλεῖν</em></strong></span> <span class='ocrx_word' id='word_1_255' title='bbox 1003 3275 1077 3346; x_wconf 80' lang='grc' dir='ltr'><strong><em>ἀλλ’</em></strong></span> <span class='ocrx_word' id='word_1_256' title='bbox 1103 3271 1306 3362; x_wconf 75' lang='grc' dir='ltr'><strong><em>αὐτομάτους</em></strong></span> <span class='ocrx_word' id='word_1_257' title='bbox 1327 3275 1414 3347; x_wconf 81' lang='grc' dir='ltr'><strong><em>ἰέναι</em></strong></span> 
     </span>
     <span class='ocr_line' id='line_1_29' title="bbox 156 3381 1414 3469; baseline 0.002 -22"><span class='ocrx_word' id='word_1_258' title='bbox 156 3381 221 3450; x_wconf 78' lang='lat' dir='ltr'>uri.</span> <span class='ocrx_word' id='word_1_259' title='bbox 245 3406 348 3466; x_wconf 92' lang='lat' dir='ltr'>usque</span> <span class='ocrx_word' id='word_1_260' title='bbox 370 3389 411 3450; x_wconf 87' lang='lat' dir='ltr'>ad</span> <span class='ocrx_word' id='word_1_261' title='bbox 433 3409 463 3452; x_wconf 91' lang='lat' dir='ltr'>v.</span> <span class='ocrx_word' id='word_1_262' title='bbox 487 3391 517 3452; x_wconf 92' lang='grc' dir='ltr'><strong><em>Β</em></strong></span> <span class='ocrx_word' id='word_1_263' title='bbox 538 3387 601 3463; x_wconf 88' lang='grc'>408</span> <span class='ocrx_word' id='word_1_264' title='bbox 623 3385 814 3450; x_wconf 89' lang='lat' dir='ltr'>Athenaeus</span> <span class='ocrx_word' id='word_1_265' title='bbox 836 3389 905 3469; x_wconf 89' lang='lat' dir='ltr'>ipse</span> <span class='ocrx_word' id='word_1_266' title='bbox 926 3389 1078 3451; x_wconf 88' lang='lat' dir='ltr'>transitus</span> <span class='ocrx_word' id='word_1_267' title='bbox 1100 3406 1197 3450; x_wconf 90' lang='lat' dir='ltr'>causa</span> <span class='ocrx_word' id='word_1_268' title='bbox 1218 3386 1414 3468; x_wconf 89' lang='lat' dir='ltr'>compilavit,</span> 
     </span>
     <span class='ocr_line' id='line_1_30' title="bbox 157 3483 1417 3577; baseline 0.006 -28"><span class='ocrx_word' id='word_1_269' title='bbox 157 3489 234 3550; x_wconf 90' lang='lat' dir='ltr'>dum</span> <span class='ocrx_word' id='word_1_270' title='bbox 250 3492 379 3572; x_wconf 94' lang='lat' dir='ltr'>respicit</span> <span class='ocrx_word' id='word_1_271' title='bbox 392 3489 501 3564; x_wconf 89' lang='lat' dir='ltr'>verba,</span> <span class='ocrx_word' id='word_1_272' title='bbox 518 3510 601 3571; x_wconf 93' lang='lat' dir='ltr'>quae</span> <span class='ocrx_word' id='word_1_273' title='bbox 617 3495 811 3556; x_wconf 90' lang='lat' dir='ltr'>antecedunt</span> <span class='ocrx_word' id='word_1_274' title='bbox 827 3493 869 3575; x_wconf 87' lang='lat' dir='ltr'>(p.</span> <span class='ocrx_word' id='word_1_275' title='bbox 891 3494 950 3556; x_wconf 91' lang='lat'>186</span> <span class='ocrx_word' id='word_1_276' title='bbox 957 3496 1005 3575; x_wconf 87' lang='lat' dir='ltr'>e):</span> <span class='ocrx_word' id='word_1_277' title='bbox 1028 3487 1143 3558; x_wconf 68' lang='grc' dir='ltr'><strong><em>ἔπειθ’</em></strong></span> <span class='ocrx_word' id='word_1_278' title='bbox 1162 3483 1180 3558; x_wconf 84' lang='grc' dir='ltr'>ὁ</span> <span class='ocrx_word' id='word_1_279' title='bbox 1196 3491 1256 3574; x_wconf 78' lang='grc' dir='ltr'>μὲν</span> <span class='ocrx_word' id='word_1_280' title='bbox 1270 3484 1417 3577; x_wconf 79' lang='grc' dir='ltr'><strong><em>Ὄμηρος</em></strong></span> 
     </span>
     <span class='ocr_line' id='line_1_31' title="bbox 157 3589 1415 3683; baseline 0.002 -25"><span class='ocrx_word' id='word_1_281' title='bbox 157 3589 351 3660; x_wconf 79' lang='grc' dir='ltr'><strong><em>ἐκδιδάσκει</em></strong></span> <span class='ocrx_word' id='word_1_282' title='bbox 380 3592 472 3674; x_wconf 88' lang='grc' dir='ltr'><strong><em>τίνας</em></strong></span> <span class='ocrx_word' id='word_1_283' title='bbox 493 3595 638 3683; x_wconf 71' lang='grc' dir='ltr'><strong><em>κλητέον.</em></strong></span> <span class='ocrx_word' id='word_1_284' title='bbox 681 3598 850 3662; x_wconf 88' lang='lat' dir='ltr'>Praeterea</span> <span class='ocrx_word' id='word_1_285' title='bbox 883 3599 1013 3660; x_wconf 90' lang='lat' dir='ltr'>inseruit</span> <span class='ocrx_word' id='word_1_286' title='bbox 1045 3597 1119 3661; x_wconf 89' lang='lat' dir='ltr'>huic</span> <span class='ocrx_word' id='word_1_287' title='bbox 1141 3596 1297 3661; x_wconf 92' lang='lat' dir='ltr'>Seleuceo</span> <span class='ocrx_word' id='word_1_288' title='bbox 1327 3597 1415 3680; x_wconf 83' lang='lat' dir='ltr'>frag-</span> 
     </span>
     <span class='ocr_line' id='line_1_32' title="bbox 159 3699 1414 3786; baseline 0.004 -25"><span class='ocrx_word' id='word_1_289' title='bbox 159 3708 281 3776; x_wconf 88' lang='lat' dir='ltr'>mento,</span> <span class='ocrx_word' id='word_1_290' title='bbox 304 3710 340 3763; x_wconf 93' lang='lat' dir='ltr'>ut</span> <span class='ocrx_word' id='word_1_291' title='bbox 356 3701 420 3763; x_wconf 88' lang='lat' dir='ltr'>iam</span> <span class='ocrx_word' id='word_1_292' title='bbox 436 3699 632 3766; x_wconf 92' lang='lat' dir='ltr'>Schmidtius</span> <span class='ocrx_word' id='word_1_293' title='bbox 650 3703 738 3778; x_wconf 91' lang='lat' dir='ltr'>vidit,</span> <span class='ocrx_word' id='word_1_294' title='bbox 761 3703 966 3786; x_wconf 88' lang='lat' dir='ltr'>Bacchylidis</span> <span class='ocrx_word' id='word_1_295' title='bbox 981 3723 1092 3766; x_wconf 92' lang='lat' dir='ltr'>versus</span> <span class='ocrx_word' id='word_1_296' title='bbox 1106 3723 1181 3765; x_wconf 93' lang='lat' dir='ltr'>cum</span> <span class='ocrx_word' id='word_1_297' title='bbox 1194 3703 1414 3784; x_wconf 77' lang='lat' dir='ltr'>proverbiis1).</span> 
     </span>
    </p>
   </div>
   <div class='ocr_carea' id='block_1_3' title="bbox 155 3910 1417 4420">
    <p class='ocr_par' dir='ltr' id='par_1_4' title="bbox 155 3910 1417 4420">
     <span class='ocr_line' id='line_1_33' title="bbox 244 3910 1417 3977; baseline 0 -16"><span class='ocrx_word' id='word_1_298' title='bbox 244 3911 267 3976; x_wconf 76' lang='lat'>¹)</span> <span class='ocrx_word' id='word_1_299' title='bbox 285 3913 335 3961; x_wconf 90' lang='lat' dir='ltr'>Hic</span> <span class='ocrx_word' id='word_1_300' title='bbox 354 3911 423 3962; x_wconf 89' lang='lat' dir='ltr'>enim</span> <span class='ocrx_word' id='word_1_301' title='bbox 445 3927 476 3961; x_wconf 82' lang='lat' dir='ltr'>ea</span> <span class='ocrx_word' id='word_1_302' title='bbox 500 3910 577 3976; x_wconf 79' lang='lat' dir='ltr'>plane</span> <span class='ocrx_word' id='word_1_303' title='bbox 599 3920 657 3961; x_wconf 89' lang='lat' dir='ltr'>sunt</span> <span class='ocrx_word' id='word_1_304' title='bbox 679 3911 815 3977; x_wconf 84' lang='lat' dir='ltr'>superflua,</span> <span class='ocrx_word' id='word_1_305' title='bbox 844 3926 903 3961; x_wconf 85' lang='lat' dir='ltr'>uam</span> <span class='ocrx_word' id='word_1_306' title='bbox 927 3912 1040 3962; x_wconf 77' lang='lat' dir='ltr'>Plutonis</span> <span class='ocrx_word' id='word_1_307' title='bbox 1064 3911 1189 3962; x_wconf 78' lang='lat' dir='ltr'>sententia</span> <span class='ocrx_word' id='word_1_308' title='bbox 1212 3911 1287 3962; x_wconf 82' lang='lat' dir='ltr'>etiam</span> <span class='ocrx_word' id='word_1_309' title='bbox 1309 3911 1362 3960; x_wconf 89' lang='lat' dir='ltr'>siue</span> <span class='ocrx_word' id='word_1_310' title='bbox 1380 3912 1417 3961; x_wconf 88' lang='lat' dir='ltr'>eis</span> 
     </span>
     <span class='ocr_line' id='line_1_34' title="bbox 156 3992 1415 4070; baseline 0.002 -21"><span class='ocrx_word' id='word_1_311' title='bbox 156 4000 312 4065; x_wconf 85' lang='lat' dir='ltr'>intelligitur.</span> <span class='ocrx_word' id='word_1_312' title='bbox 348 4001 445 4052; x_wconf 82' lang='lat' dir='ltr'>Similia</span> <span class='ocrx_word' id='word_1_313' title='bbox 467 4007 554 4051; x_wconf 85' lang='lat' dir='ltr'>extant</span> <span class='ocrx_word' id='word_1_314' title='bbox 578 3998 604 4048; x_wconf 90' lang='lat' dir='ltr'>in</span> <span class='ocrx_word' id='word_1_315' title='bbox 621 3999 723 4049; x_wconf 85' lang='lat' dir='ltr'>scholiis</span> <span class='ocrx_word' id='word_1_316' title='bbox 747 3999 780 4047; x_wconf 89' lang='lat' dir='ltr'>ad</span> <span class='ocrx_word' id='word_1_317' title='bbox 802 3999 916 4050; x_wconf 81' lang='lat' dir='ltr'>Plutonis</span> <span class='ocrx_word' id='word_1_318' title='bbox 934 3999 1042 4052; x_wconf 76' lang='lat' dir='ltr'>Oouviv.</span> <span class='ocrx_word' id='word_1_319' title='bbox 1059 4017 1085 4066; x_wconf 91' lang='lat' dir='ltr'>p.</span> <span class='ocrx_word' id='word_1_320' title='bbox 1104 4000 1163 4066; x_wconf 80' lang='grc'><strong>659,</strong></span> <span class='ocrx_word' id='word_1_321' title='bbox 1184 4011 1229 4063; x_wconf 86' lang='lat'>37:</span> <span class='ocrx_word' id='word_1_322' title='bbox 1259 3992 1415 4070; x_wconf 76' lang='grc' dir='ltr'><strong><em>αιἰτάματοι</em></strong></span> 
     </span>
     <span class='ocr_line' id='line_1_35' title="bbox 155 4081 1416 4159; baseline 0.002 -21"><span class='ocrx_word' id='word_1_323' title='bbox 155 4083 184 4138; x_wconf 88' lang='grc' dir='ltr'>δ’</span> <span class='ocrx_word' id='word_1_324' title='bbox 204 4083 312 4156; x_wconf 75' lang='grc' dir='ltr'><strong><em>ἀγαθοὶ</em></strong></span> <span class='ocrx_word' id='word_1_325' title='bbox 331 4089 431 4142; x_wconf 82' lang='grc' dir='ltr'><strong><em>δειλοῖο</em></strong></span> <span class='ocrx_word' id='word_1_326' title='bbox 448 4088 497 4142; x_wconf 75' lang='grc' dir='ltr'>ἐπὶ</span> <span class='ocrx_word' id='word_1_327' title='bbox 513 4087 612 4146; x_wconf 83' lang='grc' dir='ltr'><strong><em>δαῖτας</em></strong></span> <span class='ocrx_word' id='word_1_328' title='bbox 633 4089 716 4140; x_wconf 80' lang='grc' dir='ltr'><strong><em>ἴασιν.</em></strong></span> <span class='ocrx_word' id='word_1_329' title='bbox 746 4083 850 4153; x_wconf 76' lang='grc' dir='ltr'><strong><em>ταύτην</em></strong></span> <span class='ocrx_word' id='word_1_330' title='bbox 869 4087 900 4140; x_wconf 74' lang='grc' dir='ltr'>δὲ</span> <span class='ocrx_word' id='word_1_331' title='bbox 918 4090 1047 4158; x_wconf 75' lang='grc' dir='ltr'><strong><em>λέγουσιν</em></strong></span> <span class='ocrx_word' id='word_1_332' title='bbox 1065 4090 1195 4159; x_wconf 70' lang='grc' dir='ltr'><strong><em>εἰρῆσθαι</em></strong></span> <span class='ocrx_word' id='word_1_333' title='bbox 1213 4087 1262 4141; x_wconf 78' lang='grc' dir='ltr'>ἐπὶ</span> <span class='ocrx_word' id='word_1_334' title='bbox 1278 4081 1416 4158; x_wconf 80' lang='grc' dir='ltr'><strong><em>Ἠρακλεῖ,</em></strong></span> 
     </span>
     <span class='ocr_line' id='line_1_36' title="bbox 156 4169 1414 4248; baseline -0.002 -19"><span class='ocrx_word' id='word_1_335' title='bbox 156 4171 186 4236; x_wconf 78' lang='grc' dir='ltr'>ὃς</span> <span class='ocrx_word' id='word_1_336' title='bbox 205 4169 250 4230; x_wconf 83' lang='grc' dir='ltr'>ὅτε</span> <span class='ocrx_word' id='word_1_337' title='bbox 274 4178 417 4230; x_wconf 73' lang='grc' dir='ltr'><strong><em>εἱστιῶντο</em></strong></span> <span class='ocrx_word' id='word_1_338' title='bbox 441 4179 479 4246; x_wconf 77' lang='grc' dir='ltr'><strong><em>τῷ</em></strong></span> <span class='ocrx_word' id='word_1_339' title='bbox 502 4169 595 4243; x_wconf 79' lang='grc' dir='ltr'><strong><em>Κήϋκι</em></strong></span> <span class='ocrx_word' id='word_1_340' title='bbox 617 4178 689 4238; x_wconf 77' lang='grc' dir='ltr'><strong><em>ξένοι</em></strong></span> <span class='ocrx_word' id='word_1_341' title='bbox 711 4176 821 4242; x_wconf 76' lang='grc' dir='ltr'><strong><em>ἐπέστη.</em></strong></span> <span class='ocrx_word' id='word_1_342' title='bbox 856 4181 998 4248; x_wconf 81' lang='grc' dir='ltr'><strong><em>Κρατῖνος</em></strong></span> <span class='ocrx_word' id='word_1_343' title='bbox 1019 4175 1052 4230; x_wconf 72' lang='grc' dir='ltr'>δὲ</span> <span class='ocrx_word' id='word_1_344' title='bbox 1078 4177 1109 4230; x_wconf 74' lang='grc' dir='ltr'>ἐν</span> <span class='ocrx_word' id='word_1_345' title='bbox 1131 4179 1245 4244; x_wconf 70' lang='grc' dir='ltr'><strong><em>Πυλαία</em></strong></span> <span class='ocrx_word' id='word_1_346' title='bbox 1268 4177 1322 4240; x_wconf 63' lang='grc' dir='ltr'><strong><em>κτλ,</em></strong></span> <span class='ocrx_word' id='word_1_347' title='bbox 1349 4193 1414 4242; x_wconf 83' lang='lat' dir='ltr'>quae</span> 
     </span>
     <span class='ocr_line' id='line_1_37' title="bbox 155 4265 1414 4332; baseline -0.001 -17"><span class='ocrx_word' id='word_1_348' title='bbox 155 4282 187 4316; x_wconf 88' lang='lat' dir='ltr'>ex</span> <span class='ocrx_word' id='word_1_349' title='bbox 205 4267 297 4316; x_wconf 90' lang='lat' dir='ltr'>Lucilli</span> <span class='ocrx_word' id='word_1_350' title='bbox 314 4267 436 4317; x_wconf 83' lang='lat' dir='ltr'>anrhaei</span> <span class='ocrx_word' id='word_1_351' title='bbox 452 4282 560 4332; x_wconf 88' lang='lat' dir='ltr'>corpore</span> <span class='ocrx_word' id='word_1_352' title='bbox 578 4265 771 4331; x_wconf 85' lang='lat' dir='ltr'>proverbiorum</span> <span class='ocrx_word' id='word_1_353' title='bbox 788 4274 964 4318; x_wconf 81' lang='lat' dir='ltr'>manaverunt.</span> <span class='ocrx_word' id='word_1_354' title='bbox 1000 4267 1039 4316; x_wconf 86' lang='lat' dir='ltr'>Ex</span> <span class='ocrx_word' id='word_1_355' title='bbox 1056 4267 1107 4316; x_wconf 92' lang='lat' dir='ltr'>hoc</span> <span class='ocrx_word' id='word_1_356' title='bbox 1130 4266 1186 4331; x_wconf 89' lang='lat' dir='ltr'>ipso</span> <span class='ocrx_word' id='word_1_357' title='bbox 1204 4265 1317 4314; x_wconf 81' lang='lat' dir='ltr'>hausisse</span> <span class='ocrx_word' id='word_1_358' title='bbox 1334 4266 1414 4316; x_wconf 87' lang='lat' dir='ltr'>Athe-</span> 
     </span>
     <span class='ocr_line' id='line_1_38' title="bbox 155 4354 1413 4420; baseline -0.002 -16"><span class='ocrx_word' id='word_1_359' title='bbox 155 4371 247 4404; x_wconf 88' lang='lat' dir='ltr'>naeum</span> <span class='ocrx_word' id='word_1_360' title='bbox 266 4355 411 4418; x_wconf 87' lang='lat' dir='ltr'>negandum</span> <span class='ocrx_word' id='word_1_361' title='bbox 431 4361 478 4414; x_wconf 84' lang='lat' dir='ltr'>est,</span> <span class='ocrx_word' id='word_1_362' title='bbox 506 4369 566 4404; x_wconf 80' lang='lat' dir='ltr'>nam</span> <span class='ocrx_word' id='word_1_363' title='bbox 584 4370 666 4420; x_wconf 89' lang='lat' dir='ltr'>neque</span> <span class='ocrx_word' id='word_1_364' title='bbox 688 4369 794 4420; x_wconf 81' lang='lat' dir='ltr'>nsquam</span> <span class='ocrx_word' id='word_1_365' title='bbox 820 4363 1033 4405; x_wconf 80' lang='lat' dir='ltr'>commemoratur</span> <span class='ocrx_word' id='word_1_366' title='bbox 1055 4355 1089 4404; x_wconf 73' lang='lat' dir='ltr'>ab</span> <span class='ocrx_word' id='word_1_367' title='bbox 1106 4354 1239 4404; x_wconf 81' lang='lat' dir='ltr'>Athenaeo</span> <span class='ocrx_word' id='word_1_368' title='bbox 1257 4369 1342 4418; x_wconf 88' lang='lat' dir='ltr'>neque</span> <span class='ocrx_word' id='word_1_369' title='bbox 1359 4369 1413 4402; x_wconf 89' lang='lat' dir='ltr'>mn-</span> 
     </span>
    </p>
   </div>
   <div class='ocr_carea' id='block_1_4' title="bbox 0 0 1630 4980">
    <p class='ocr_par' dir='ltr' id='par_1_5' title="bbox 0 0 1630 4980">
     <span class='ocr_line' id='line_1_39' title="bbox 0 0 1630 4980; baseline 0 1"><span class='ocrx_word' id='word_1_370' title='bbox 0 0 1630 4980; x_wconf 95' lang='lat' dir='ltr'> </span> 
     </span>
    </p>
   </div>
  </div>
 </body>
</html>
