3250 4980
685 351 897 415 „49-

158 498 256 569 καθά
279 526 361 589 φησι
384 502 544 582 Σέλευκος
566 499 600 568 ἐν
622 506 693 582 τοῖς
715 503 791 587 περὶ
811 497 1044 590 Ἑλληνισμοῦ·
1065 501 1136 569 ἐστὶ
1157 503 1194 570 δέ
1214 497 1232 570 ὃ
1254 504 1364 586 στίχος
1385 503 1423 586 ἐξ

154 601 304 674 Ἱππέων
320 608 378 672 καί
393 605 460 689 ἔχει
477 600 598 685 ούτως·
626 601 793 695 »κᾶβλεφε
807 613 925 674 νᾶπυι.
948 604 1057 688 οίδεὶς
1073 604 1104 675 δ’
1124 605 1282 676 Ἀττικῶν
1296 608 1421 675 σίναπυ

158 712 236 804 ἔφη.
283 715 404 778 Athen.
428 715 475 776 IX
498 735 530 795 p.
555 715 616 794 367
625 736 652 780 a.
698 714 782 796 Quia
804 717 949 797 pergitur
978 717 1040 778 dici
1062 717 1103 778 de
1132 717 1312 779 discrimine
1339 720 1422 778 inter

157 823 248 884 νᾶπυ
270 829 303 882 et
326 816 459 894 σίναπυ,
481 840 528 894 ea,
559 840 642 900 quae
664 831 849 902 sequuntur,
879 823 985 885 eidem
1007 822 1163 885 attribuo:
1194 817 1262 903 ἔχει
1285 820 1323 886 δέ
1345 817 1421 887 έκά-

155 947 251 1009 τερον
274 918 380 1008 λόγον.
410 927 498 988 νᾶπυ
520 923 580 1006 μέν
602 915 663 1010 γάρ
686 915 757 990 οἷον
779 930 875 1012 νᾶφυ,
899 919 950 992 ὅτι
968 923 1139 1011 ἐστέρηται
1155 920 1292 1015 φύσεως.
1316 920 1421 1012 διφυὲς

156 1028 223 1114 γὰρ
245 1027 303 1093 καὶ
331 1023 457 1113 μικρόν,
487 1023 600 1115 ὥσπερ
629 1029 688 1096 καί
717 1023 860 1118 ἡάφύη.
898 1031 1021 1097 σίναπυ
1044 1031 1081 1097 δέ
1110 1025 1162 1097 ὅτι
1190 1030 1315 1097 σίνεται
1345 1027 1421 1110 τοὺς

156 1122 258 1213 ὦπας
281 1133 314 1199 έν
335 1137 376 1222 τῇ
398 1127 492 1222 ὀδμῇ,
524 1127 568 1213 ῶς
589 1135 648 1200 καὶ
669 1131 707 1201 τδ
730 1133 895 1222 κρόμμυον
921 1133 972 1204 ὅτι
994 1132 1052 1215 τὰς
1073 1131 1174 1222 κόρας
1194 1133 1327 1220 μύομεν.
1369 1137 1418 1205 cf.
1446 1215 1451 1224 ,

154 1241 240 1308 Hes.
271 1262 296 1307 S.
327 1262 356 1304 ν.
398 1240 546 1321 Prynich.
576 1262 608 1322 p.
633 1258 696 1321 349
730 1242 901 1324 (Rutherf.)
939 1243 1040 1308 Moer.
1078 1243 1187 1305 Aliam
1222 1265 1294 1310 voc.
1330 1245 1419 1308 νᾶπυ

154 1345 341 1428 etymolog.
364 1346 436 1408 vide
458 1346 511 1414 Et.
535 1367 578 1412 m.
603 1361 673 1426 597.
696 1364 746 1426 30.

245 1450 403 1528 Σέλευκος
417 1447 449 1515 δ’
469 1448 503 1516 έν
516 1454 563 1537 τῶ
584 1450 730 1539 πέμπτῳ
748 1453 826 1538 περὶ
844 1446 1073 1540 Ἑλληνισμοῦ·
1096 1438 1197 1531 ταῶς·
1219 1446 1418 1536 παραλόγως
1427 1461 1478 1525 70.

154 1549 191 1622 δ’
218 1552 251 1622 οἱ
271 1551 418 1622 Ἀττικοὶ
441 1555 499 1620 καὶ
521 1552 697 1624 δασύνουσι
719 1557 777 1624 καὶ
800 1561 1003 1642 περισπῶσι.
1033 1560 1106 1634 τοῖς
1129 1556 1166 1622 δέ
1187 1554 1333 1641 πράτοις
1353 1560 1418 1622 τῶν

152 1662 352 1749 φωνηέντων
372 1661 457 1731 κατὰ
485 1661 544 1744 τὰς
567 1657 679 1741 ἁπλᾶς
706 1666 770 1729 τῶν
793 1659 962 1745 ὀνομάτων
991 1658 1134 1749 ἐκφορὰς
1156 1659 1417 1747 συνεκφέρεσθαι

152 1765 272 1834 ἐθέλει
286 1770 344 1836 καὶ
368 1768 526 1837 ἐνταυθοῖ
542 1771 626 1853 (fort.
651 1767 799 1836 ἐντεῦθεν
814 1769 924 1852 Kaib.)
938 1767 1149 1856 προᾴττουσα
1164 1762 1365 1852 (πράττουσα
1380 1766 1416 1829 C.

151 1895 316 1955 superscr.
339 1901 371 1941 α.
387 1873 576 1960 πράττουσα
597 1877 652 1958 Α.)
675 1874 732 1940 καί
755 1869 869 1956 τάχιον
892 1872 1057 1940 ἐκθέουσα
1080 1867 1126 1938 δι’
1146 1871 1324 1958 έπιπωλῆς
1347 1869 1417 1937 έστι

150 1979 223 2042 τῶν
243 1978 369 2060 λέξεων.
398 1979 646 2067 τεκμαιρόμενοι
677 1967 734 2046 ούν
758 1975 938 2066 Ἀθηναῖοι
961 1978 1019 2045 καὶ
1043 1974 1101 2044 διὰ
1129 1980 1187 2064 τῆς
1207 1971 1331 2057 τάξεως
1359 1970 1418 2064 την

154 2079 295 2150 ἐνοῦσαν
316 2089 356 2174 τῇ
376 2085 538 2173 τροςφδίηι
561 2084 660 2173 φύσιν
681 2082 740 2152 οὐκ
764 2082 823 2150 ἐπὶ
845 2089 909 2152 τῶν
931 2083 1123 2174 φωνηέντων
1142 2079 1241 2172 αὐτὴν
1261 2083 1417 2150 τιθέασιν

153 2181 271 2275 ὥσπερ
293 2187 351 2268 τὰς
366 2183 478 2271 άλλας,
503 2187 569 2277 πρὸ
586 2190 624 2257 δὲ
637 2188 760 2256 τούτων
773 2184 959 2256 τάσσουσιν.
985 2182 1082 2273 οἶμαι
1099 2189 1136 2255 δὲ
1158 2189 1216 2254 καὶ
1234 2187 1292 2256 διὰ
1313 2191 1372 2255 τού
1383 2193 1419 2253 Η

151 2293 322 2375 στοιχείου
344 2293 570 2363 τυπώσασθαι
591 2291 667 2375 τούς
688 2291 854 2375 παλαιούς
873 2291 931 2382 τὴν
956 2296 1100 2361 δασεῖαν.
1127 2293 1245 2382 διόπερ
1267 2294 1325 2359 καὶ
1339 2287 1415 2359 Ῥω-

151 2402 254 2480 μαῖοι
277 2397 344 2486 πρὸ
366 2397 499 2467 πάντων
520 2406 583 2468 τῶν
605 2403 831 2484 δασυνομένων
853 2394 1022 2484 ὀνομάτων
1043 2395 1080 2467 τὸ
1097 2405 1133 2464 Η
1156 2394 1415 2488 προγράφουσιν,

150 2502 195 2569 τὸ
217 2498 408 2592 ἡγεμονικὸν
428 2503 525 2597 αὐτῆς
540 2506 818 2593 διασημαίνοντες.
841 2503 871 2573 εί
890 2507 927 2573 δὲ
940 2501 1076 2592 τοιαύτη
1090 2498 1109 2590 ἡ
1123 2502 1272 2589 δασύτης,
1286 2498 1410 2593 μήποτ’

153 2604 284 2697 ᾶλόγως
305 2609 390 2678 κατὰ
406 2608 464 2701 τὴν
484 2615 683 2680 τελευτῶσαν
704 2608 869 2700 συλλαβὴν
890 2606 908 2678 δ
926 2609 1013 2690 ταῶς
1035 2613 1101 2694 (τοῦ
1122 2613 1210 2688 ταῶς
1226 2610 1261 2674 C.
1279 2610 1353 2680 fort.
1376 2607 1415 2677 τὸ

151 2720 244 2796 ταῶς
269 2719 379 2800 Kaib.)
404 2715 488 2803 πρὸς
507 2723 572 2786 τῶν
594 2713 754 2785 Ἀττικῶν
776 2721 1003 2804 προςπνεῖται.
1045 2717 1165 2782 Athen.
1189 2717 1236 2779 IX
1258 2737 1289 2797 p.
1314 2718 1412 2797 398a.

152 2825 237 2888 Hes.
250 2845 275 2892 s.
291 2847 322 2892 v.
354 2827 406 2888 De
429 2827 542 2888 eadem
565 2847 598 2888 re
622 2825 687 2888 fere
710 2826 825 2887 eadem
847 2825 922 2887 dicit
944 2824 1081 2906 Trypho
1105 2824 1192 2905 apud
1206 2822 1413 2885 Athenaeum

152 2929 255 3014 paulo
271 2939 346 2992 ante
364 2929 545 2998 Seleucum.
581 2930 630 2998 Cs.
652 2930 765 3012 Apoll.
780 2931 882 3010 Dysc.
898 2939 983 3009 synt.
1002 2946 1072 3008 319.
1088 2944 1137 2996 20.
1169 2927 1283 2992 Lehrs.
1299 2927 1414 2992 Arist.³

152 3057 189 3119 p.
215 3053 276 3114 320
294 3056 342 3116 sq.

507 3147 740 3252 Προτατικδν
762 3148 849 3252 πρὸς
876 3150 1071 3238 Πολύβιον.

243 3305 344 3371 Arist.
375 3305 507 3372 Thesm.
538 3309 610 3383 840.
652 3307 816 3386 πολλάκις
847 3297 945 3371 εἶπον
980 3295 1086 3386 (εἶπεν
1118 3306 1217 3386 cod.)‚
1253 3295 1304 3369 δτι
1335 3325 1477 3390 προ·7ι.

153 3403 274 3493 βάλλει
291 3402 308 3475 ὅ
324 3405 503 3496 Ὁμηρικὸς
517 3408 717 3496 (προβάλλει
741 3405 906 3498 ὁμηρικῶς
927 3410 1014 3492 cod.)
1038 3406 1072 3474 έν
1085 3410 1133 3496 τῷ
1147 3404 1233 3493 πρὸς
1248 3401 1418 3493 Πολύβιον

155 3518 358 3602 προτατικῶ,
381 3514 431 3594 τίς
449 3511 470 3603 ἡ
488 3508 692 3602 Ὑπερβόλου
714 3514 827 3604 μήτηρ,
871 3516 980 3580 Schol.
1004 3516 1045 3580 R.

516 3700 753 3801 Προτατικδν
779 3697 866 3802 πρὸς
891 3702 1056 3803 Ζήνωνα.

252 3873 384 3941 Thesm.
422 3889 512 3956 1175.
562 3869 764 3960 βαρβαρικὸν
803 3872 861 3938 καὶ
895 3867 1061 3958 Περσικὸν
1101 3866 1229 3956 όρχημα
1266 3862 1479 3960 όκλασμαγτ.

157 3979 307 4044 καλεῖται
337 3977 408 4061 (καὶ
431 3974 590 4064 περσικὸν
611 3971 650 4045 τδ
663 3974 796 4063 κλάσμα
819 3979 969 4044 καλεῖται
985 3976 1042 4044 καὶ
1065 3972 1103 4043 τὸ
1117 3971 1276 4061 περσικὸν
1292 3967 1419 4062 όρχημα

156 4085 260 4166 cod.)‚
291 4083 371 4170 περὶ
400 4068 437 4149 οὗ
463 4079 573 4167 Ἰόβας
601 4079 728 4170 μακρὸν
756 4083 940 4171 πεποίηται
970 4078 1068 4168 λόγον
1096 4081 1130 4148 έν
1156 4086 1227 4160 τοῖς
1256 4080 1334 4166 περὶ
1364 4085 1421 4168 τῆς

155 4193 338 4277 θεατρικῆς
368 4186 528 4276 (ἰατρικῆς
557 4192 642 4272 εοδ.)
678 4185 834 4275 ἱστορίας,
869 4183 950 4254 ὥστε
982 4182 1142 4252 λελύσθαι
1176 4185 1233 4273 τὴν
1261 4180 1420 4252 Σελεύκου

154 4291 330 4380 πρότασιν.
368 4294 532 4379 προτείνει
563 4289 624 4381 γάρ
652 4293 686 4360 έν
707 4299 752 4381 τῷ
774 4289 858 4378 πρὸς
879 4288 1017 4380 Ζήνωνα
1041 4294 1233 4378 προτατικῶ
1254 4290 1304 4377 [τί
1326 4294 1419 4358 inser.

208 4407 325 4448 Miiller.
1200 4411 1217 4457 4
