3250 4980
752 342 943 403 ..6-

301 510 464 593 Quoniam
480 509 635 574 librorum
657 510 767 574 titulos
789 513 947 586 novimus,
971 520 1160 586 statuamus,
1184 519 1341 592 quantum
1357 531 1478 593 possu-

215 637 297 692 mus,
321 617 397 696 quid
420 617 452 678 in
474 616 605 698 singulis
625 616 752 698 scriptis
774 616 910 680 insuerit.
953 615 1065 697 Atque
1087 635 1228 698 aequum
1250 626 1308 691 est,
1343 617 1385 679 ab
1407 615 1477 678 Ho-

215 722 340 802 mericis
362 722 475 785 studiis
504 721 628 784 initium
651 720 766 796 facere,
798 723 919 804 quippe
940 742 960 783 a
982 721 1099 803 quibus
1126 721 1196 803 ipse
1218 742 1402 804 cognomen
1423 742 1474 784 ac·

214 827 346 909 ceperit.
387 826 580 910 Incipiamus
611 826 652 890 ab
682 825 844 890 Athenaei
874 827 943 890 libri
973 827 1074 909 quinti
1105 828 1263 910 capitibus
1296 843 1407 901 1-20,
1442 827 1474 888 in

214 932 331 1025 quibus
354 932 532 996 Homerica·
559 933 706 997 convivia
728 941 958 1013 comparantur
986 953 1061 996 cum
1083 932 1225 996 Platonis
1247 931 1476 1014 Xenophontis

143 1082 151 1101 ,-
214 1037 343 1118 Epicuri
366 1038 410 1101 ita
433 1038 579 1120 quidem,¹
603 1047 639 1100 ut
660 1037 795 1100 summis
817 1036 965 1100 laudibus
987 1036 1140 1101 efferatur
1161 1039 1334 1114 Homerus,
1365 1037 1474 1100 omnia

213 1145 435 1224 vituperentur
457 1144 610 1206 acerrime
633 1144 729 1224 apud
743 1141 966 1224 philosophos.
1003 1143 1169 1206 Praeclare
1189 1143 1338 1208 disseruit
1359 1143 1400 1205 de
1422 1141 1475 1204 his

214 1247 374 1330 capitibus
408 1247 454 1311 C„
475 1247 672 1312 Schmidtius
706 1248 738 1310 in
772 1267 935 1329 program.
970 1247 1099 1330 Elbing.
1138 1250 1232 1325 1886,
1267 1270 1299 1332 p.
1324 1247 1470 1310 X-XII.

214 1353 326 1434 Atque
353 1354 494 1436 primum
516 1354 626 1416 docuit
655 1373 721 1415 non
749 1352 791 1416 ab
813 1352 987 1416 Athenaeo
1017 1354 1090 1435 ipso
1111 1365 1260 1419 conserta
1291 1375 1362 1418 esse
1391 1353 1474 1416 haec

213 1459 335 1540 capita,
353 1459 410 1520 sed
427 1459 612 1522 continuam
628 1459 660 1520 in
676 1460 721 1522 eis
742 1459 846 1521 inesse
868 1458 1129 1541 disputationem.
1163 1459 1289 1523 Deinde
1305 1469 1472 1522 auctorem

212 1563 306 1627 huius
332 1563 433 1646 partis
456 1564 653 1627 Herodicum
676 1561 862 1626 Crateteum
892 1584 963 1626 esse
986 1563 1089 1627 evicit.
1134 1564 1260 1628 Eadem
1290 1565 1376 1627 enim
1398 1573 1473 1626 sunt

212 1669 344 1732 crimina
365 1669 417 1732 hic
448 1669 650 1752 philosophis
672 1669 800 1732 obiecta
828 1677 926 1749 atque
948 1689 988 1731 ea
1017 1687 1101 1750 quae
1123 1670 1168 1733 in,
1184 1669 1247 1732 fine
1277 1670 1348 1733 libri
1370 1669 1473 1750 quinti

213 1785 247 1839 et
276 1775 307 1838 in
337 1776 496 1838 undecimi
523 1774 593 1837 libri
623 1795 655 1856 p.
683 1788 858 1853 112—115,
894 1775 1059 1856 117-118
1087 1784 1217 1851 extant,
1252 1795 1332 1856 quas
1362 1783 1474 1856 partes

211 1879 366 1943 Herodici
396 1879 507 1962 plenas
537 1897 608 1940 esse
639 1880 872 1942 demonstravit
894 1877 1099 1945 Schmidtius.
1143 1880 1247 1943 Multa
1275 1880 1359 1942 enim
1382 1900 1475 1942 men·

194 1996 204 2026 ‘
211 1987 289 2050 titos
311 2006 383 2049 esse
405 1982 628 2068 philosophos,
660 1984 762 2046 multa
790 1984 960 2047 inhonesta
981 1984 1023 2047 ab
1046 1985 1092 2046 eis
1120 1986 1239 2048 narrari
1260 1987 1305 2067 (p.
1331 1986 1416 2048 182c
1438 1993 1472 2051 et

214 2089 316 2176 5060)
345 2093 388 2173 (p.
418 2092 502 2170 187c
525 2099 558 2152 et
587 2089 702 2171 219b),
735 2088 904 2152 Platonem
934 2089 1069 2152 Homeri
1099 2091 1241 2154 carmina
1271 2111 1314 2153 ex
1343 2090 1473 2152 civitate

210 2217 269 2259 sua
285 2196 447 2278 relegasse
469 2197 513 2276 (p.
533 2196 619 2275 187c
634 2203 667 2258 et
685 2207 742 2275 505
750 2193 794 2276 b),
818 2203 928 2257 tamen
950 2215 1015 2256 non
1030 2195 1212 2268 Homerum
1229 2197 1287 2260 sed
1300 2195 1471 2260 Platonem

209 2301 357 2383 turpibus
379 2299 581 2373 sermonibus
602 2300 733 2363 iuvenes
756 2301 893 2382 perdere
915 2300 959 2381 (p.
988 2301 1076 2363 188d
1098 2310 1132 2363 et
1155 2301 1266 2385 508d).
1305 2299 1473 2383 Quidquid

105 2481 106 2490 χ
209 2407 287 2472 boni
309 2407 474 2482 haberent,
498 2406 644 2469 didicisse
667 2405 881 2488 philosophos
903 2405 946 2468 ab
969 2406 1115 2469 Homero
1139 2408 1181 2489 (p.
1203 2407 1292 2488 179d
1306 2415 1339 2470 et
1359 2408 1416 2487 187
1425 2407 1471 2486 b).

209 2514 379 2576 Praeterea
409 2512 451 2575 ad
480 2511 578 2574 finem
611 2512 710 2574 totius
741 2511 984 2594 declamationis
1012 2512 1165 2575 Herodici
1194 2511 1301 2594 ipsum
1330 2533 1471 2576 comme·

210 2627 355 2682 moratur
383 2637 503 2682 nomen
525 2618 569 2699 (p.
598 2633 655 2698 192
663 2617 708 2698 b).
754 2615 950 2706 Hucusque
980 2617 1077 2700 plane
1098 2618 1256 2680 assentior
1278 2615 1471 2682 Schmidti0.

209 2722 276 2787 Sed
298 2724 404 2786 media
426 2723 458 2785 in
479 2722 670 2785 tractatione
692 2722 733 2784 de
756 2722 908 2785 conviviis
931 2724 975 2804 (p.
1003 2722 1086 2786 188s
1096 2725 1158 2803 sq.)
1190 2724 1309 2785 inserta
1331 2732 1381 2786 est
1400 2743 1471 2785 am-

209 2828 294 2910 plior
309 2826 435 2892 Seleuci
457 2836 570 2890 contra
589 2825 816 2890 Aristarcheos
836 2828 1021 2907 disputatio,
1045 2847 1121 2890 nam
1144 2847 1209 2890 non
1231 2828 1336 2890 solum
1358 2848 1474 2890 versus

210 2933 230 2997 d
251 2948 294 3013 74
316 2933 488 2996 lectionem
511 2931 648 2995 Seleuco
671 2932 793 3006 deberi,
825 2933 883 2995 sed
904 2933 978 2995 inde
1000 2934 1042 2995 ab
1065 2933 1128 2996 hoc
1150 2953 1246 2995 versu
1268 2942 1340 2996 tota
1362 2933 1474 3014 capita

213 3054 252 3116 14
273 3047 307 3101 et
333 3053 380 3118 15,
412 3057 509 3100 nemo
539 3057 605 3100 non
632 3038 748 3101 videt„
776 3035 958 3117 Quaeritur,
990 3048 1098 3101 utrum
1127 3037 1169 3100 ab
1192 3036 1366 3101 Athenaeo
1395 3039 1471 3119 ipso

208 3143 297 3207 illata
325 3144 367 3206 sit
388 3143 469 3206 haec
498 3143 673 3225 disputatio
699 3163 740 3206 an
763 3143 827 3206 iam
854 3142 896 3207 ab
918 3143 1084 3206 Herodico
1106 3143 1137 3205 in
1159 3163 1254 3206 suum
1276 3163 1370 3205 usum
1391 3162 1471 3206 con·

207 3269 310 3312 versa.
355 3248 467 3328 Atque
490 3246 687 3312 Schmidtius
709 3249 772 3311 hoc
795 3248 932 3312 alterum
955 3249 1082 3330 probat,
1105 3251 1194 3331 quod
1215 3248 1413 3312 Herodicum
1434 3258 1472 3312 ut

208 3353 397 3418 Crateteum
419 3354 562 3417 maxime
584 3354 699 3416 deceat
721 3353 811 3416 illum
831 3363 945 3418 contra
967 3354 1194 3418 Aristarcheos
1215 3357 1373 3436 impetum
1396 3375 1469 3436 pro·

207 3479 329 3541 pagare
351 3461 500 3540 adeoque
521 3480 581 3541 pro
605 3469 693 3522 certo
721 3459 821 3522 habet
849 3460 935 3534 illud,
967 3469 1002 3523 ut
1024 3461 1121 3524 etiam
1143 3458 1296 3523 Herodici
1325 3468 1470 3522 aetatem

206 3564 270 3628 hoc
284 3564 416 3628 definiat
432 3574 633 3646 argumento
667 3563 733 3627 Sed
748 3564 841 3628 nobis
855 3565 947 3628 aliter
962 3586 1013 3628 res
1028 3566 1222 3628 instituenda
1244 3585 1315 3628 esse
1330 3565 1469 3629 videtur.

206 3670 337 3734 Praeter
358 3670 442 3734 hanc
465 3671 549 3734 enim
564 3668 847 3734 Aristarcheorum
868 3670 1137 3752 vituperationem
1153 3671 1236 3733 duae
1259 3669 1339 3733 aliae
1362 3671 1471 3733 insunt

207 3775 238 3837 in
269 3775 421 3839 continua
450 3773 670 3836 conviviorum
700 3775 943 3856 comparatione
973 3776 1031 3855 (cc.
1055 3792 1157 3856 9-11
1186 3784 1219 3838 et
1249 3797 1295 3841 cc.
1318 3794 1340 3854 4
1362 3786 1395 3839 et
1426 3780 1469 3858 5),

207 3900 344 3961 quarum
364 3879 505 3962 priorem
527 3899 611 3942 nunc
633 3881 813 3943 accuratius
840 3881 1054 3962 inspiciamus.
1099 3881 1177 3942 Inde
1200 3900 1220 3942 a
1242 3902 1269 3943 c.
1295 3883 1313 3943 8
1336 3881 1471 3943 demon·

207 3994 325 4048 stratur
340 3985 521 4048 Homerum
544 3984 673 4048 minime
696 3995 764 4048 tam
780 4006 947 4049 morosum
968 4007 1048 4060 esse,
1070 3994 1106 4048 ut
1122 3987 1231 4048 omnia
1246 3986 1468 4050 conviviorum

207 4091 413 4154 condimenta
442 4090 559 4152 reiciat.
605 4090 712 4153 Etiam
742 4077 872 4155 cantum
904 4101 937 4154 et
963 4090 1169 4155 saltationem
1201 4101 1235 4154 ut
1265 4087 1469 4178 ἀναθήματα

206 4196 389 4260 adhibenda
418 4217 489 4259 esse
518 4194 603 4257 dicit.
648 4196 773 4259 Deinde
803 4197 910 4278 pergit
931 4195 1121 4260 Athenaeus
1150 4218 1177 4262 c.
1201 4216 1238 4279 9:
1272 4193 1310 4263 τὸ
1333 4191 1363 4262 d'
1391 4190 1470 4263 ὅλον

205 4295 244 4366 τὸ
271 4296 356 4386 πρὸς
391 4294 433 4365 τὰ
460 4301 598 4365 τοιαῦτα
633 4296 777 4379 νενευκὸς
812 4305 884 4380 τοῖς
914 4303 1094 4389 μνηστῆρσι
1132 4301 1190 4367 καὶ
1220 4306 1290 4380 τοῖς
1320 4300 1470 4380 Φαίαξιν
