3250 4980
670 354 881 418 -„..

142 508 323 571 substitisse
352 529 458 590 neque
487 509 649 571 addidisse
678 508 881 581 solutionem,
913 508 1001 589 quod
1023 508 1204 589 colligimus
1234 527 1277 570 ex
1298 506 1401 574 schol.

142 613 275 676 Thesm.
301 615 364 690 840
379 623 411 676 et
433 628 509 694 1175
535 612 583 693 (ir.
606 629 644 694 71
664 624 696 676 et
712 619 774 694 72).
809 613 925 695 Neque
945 623 1055 676 tamen
1076 631 1206 694 semper
1228 613 1274 676 sic
1296 612 1402 694 egisse

141 739 218 782 eum
241 729 274 783 et
296 739 355 801 per
376 741 411 782 se
435 729 484 782 est
498 718 668 782 verisimile
690 729 723 781 et
739 720 978 780 demonstratur
1000 716 1036 780 ir.
1052 732 1103 797 73.
1138 716 1290 780 Ceterum
1314 725 1401 780 recte

140 827 261 889 iudicat
283 823 482 888 Schraderus
508 823 674 907 (Porphyr.
697 823 738 884 ad
761 821 849 885 Iliad.
879 843 911 904 p.
938 822 1020 902 380),
1052 819 1223 885 Seleucum
1253 843 1318 886 non
1349 823 1401 885 de·

139 931 224 994 bere.
242 929 350 993 referri
372 931 404 992 in
426 949 594 992 numerum
617 948 729 991 eorum
746 927 800 1009 qui
822 926 1017 991 futilissimas
1034 929 1239 1010 quaestiones
1260 927 1402 1008 undique

140 1035 377 1118 congerebant,
408 1033 635 1098 tantummodo
666 1042 700 1095 ut
731 1030 886 1096 haberent
916 1033 1004 1116 quod
1034 1043 1193 1114 rogarent.
1234 1033 1320 1096 Nam
1343 1053 1402 1098 eae

141 1161 227 1221 quae
249 1149 397 1203 servatae
418 1148 492 1202 sunt
515 1133 694 1223 προτάσεις
716 1138 826 1218 utique
848 1139 965 1219 dignae
987 1148 1070 1214 sunt,
1094 1157 1177 1220 quae
1196 1148 1400 1222 quaerantur.

228 1245 284 1308 Ad
320 1255 501 1308 extremum
538 1245 740 1306 coniecturae
775 1243 902 1306 cuidam
940 1243 1162 1307 obsistendum
1199 1253 1265 1320 est,
1303 1263 1402 1324 quam

140 1349 302 1411 Brunkius
333 1349 364 1432 (1.
388 1371 415 1412 c.
446 1369 478 1431 p.
503 1365 539 1428 31
567 1349 640 1411 adn.
664 1349 718 1427 33)
748 1347 872 1428 profert
905 1348 973 1430 ipse
1006 1349 1147 1412 maxime
1178 1349 1237 1412 sibi
1266 1347 1400 1424 diffisus,

139 1473 218 1516 cum
240 1455 335 1528 dicat,
358 1455 412 1517 ubi
435 1455 477 1516 de
498 1463 629 1516 auctore
652 1451 722 1514 libri
743 1451 822 1537 περὶ
844 1454 988 1518 coriaria
1010 1446 1124 1541 ἡρώων
1145 1445 1229 1520 καθ’
1257 1445 1403 1539 Ὅμηρον

138 1556 220 1641 βίον
242 1561 325 1642 agit:
360 1557 457 1642 »περὶ
480 1555 564 1640 βίων
592 1557 718 1638 scripsit
741 1555 908 1632 Seleucus,
941 1579 1038 1640 quem
1061 1568 1094 1621 et
1116 1558 1190 1622 alibi
1219 1569 1252 1622 et
1275 1580 1306 1642 p.
1331 1560 1401 1638 24b

140 1664 253 1727 laudat
276 1665 481 1740 Athenaeus;
511 1664 569 1726 sed
592 1663 669 1726 nolo
691 1663 812 1729 incerta
843 1661 1015 1744 proferre«.
1060 1664 1108 1726 At
1130 1683 1195 1726 non
1223 1665 1330 1726 solum
1356 1665 1401 1726 in·

139 1780 231 1832 certa
252 1778 304 1832 est
325 1770 508 1833 coniectura
529 1769 587 1831 sed
611 1767 699 1831 salsa.
743 1767 830 1830 Nam
857 1769 994 1849 primum
1017 1769 1048 1830 in
1071 1767 1125 1830 illo
1147 1768 1255 1831 libello
1278 1789 1309 1850 p.
1337 1785 1402 1832 12c

139 1893 210 1934 vox
247 1871 323 1950 δαίς
358 1875 519 1937 δεήσεων
554 1895 573 1935 a
612 1870 782 1955 δαιέομαι.
839 1871 959 1935 Contra
996 1875 1070 1936 audi
1108 1871 1279 1936 Seleucum
1315 1875 1402 1956 apud

140 1977 351 2041 Athenaeum
374 1999 406 2059 p.
423 1978 512 2056 24b:
537 1972 696 2054 Σέλευκός
711 1998 794 2063 φησι
808 1972 866 2064 τὴν
887 1972 969 2063 παρ’
993 1970 1122 2064 Ὁμήρῳ
1146 1978 1245 2043 δαῖτα
1259 1973 1403 2044 θάλειαν

138 2080 315 2164 στοιχείων
335 2081 516 2166 μεταθέσει
546 2081 678 2150 δίαιταν
700 2072 788 2148 εἶναι
816 2079 882 2148 καί.
926 2084 1052 2146 Deinde
1081 2085 1199 2147 scimus
1228 2084 1401 2148 Seleucum

138 2191 174 2250 in
197 2189 335 2252 Menelai
356 2190 474 2270 nuptiis
496 2210 547 2252 vv.
573 2189 744 2268 δ15-19,
767 2189 799 2250 in
821 2189 937 2268 quibus
959 2190 1129 2253 saltatores
1150 2198 1327 2272 cantorque
1349 2191 1402 2254 de·

138 2294 331 2367 scribuntur,
366 2294 577 2377 interpolatos
607 2314 678 2357 esse
706 2296 876 2375 putavisse.
919 2292 1041 2358 Contra
1070 2297 1101 2357 in
1131 2295 1185 2357 illo
1219 2294 1329 2358 libello
1359 2296 1401 2360 le·

138 2408 259 2482 guntur
288 2420 319 2481 p.
348 2416 410 2477 14a
439 2401 536 2464 haec:
568 2398 626 2465 καί
656 2395 749 2483 παρὰ
772 2391 932 2484 Μενελάῳ
960 2395 1121 2482 ἐμέλπετο
1144 2401 1240 2478 θεῖος
1269 2391 1401 2480 ἀοιδός·

138 2497 201 2569 δίο
222 2501 260 2569 δέ
281 2507 513 2590 κοβιστιμίρες
533 2505 666 2592 μολπῆς
688 2499 872 2588 ἐξάρχοντες
894 2503 1047 2571 ἐδίνευον.
1091 2505 1224 2586 Insuper
1246 2505 1400 2571 Seleucus

138 2610 273 2692 legebat
290 2609 423 2700 μολπῆς
445 2605 644 2694 ἒξάρχονιος.

227 2715 296 2778 Iam
312 2718 530 2797 quaerendum
549 2728 607 2790 est,
632 2720 687 2797 qui
710 2727 858 2780 auctores
873 2717 1122 2799 propagaverint
1138 2716 1264 2780 Seleuci
1288 2717 1398 2783 libros.

137 2821 253 2901 Atque
285 2821 423 2903 primum
457 2823 635 2885 discernere
668 2823 872 2899 studeamuS,
911 2842 975 2902 qua
1008 2824 1059 2884 via
1092 2824 1399 2914 commentariorum

137 2925 389 2988 Homericorum
418 2925 552 2989 frustula
581 2928 613 2989 in
641 2928 763 2990 scholia
792 2908 902 2990 nostra
925 2929 1133 2992 manaverint.
1180 2927 1274 3010 Quae
1295 2931 1322 2992 si
1343 2951 1400 2994 ac·

137 3033 280 3094 curatius
302 3033 492 3106 excutimus,
516 3033 587 3095 luce
601 3031 715 3096 clarius
731 3043 865 3114 apparet
880 3054 900 3097 a
914 3033 1059 3115 Didymo
1078 3054 1135 3096 eos
1151 3036 1400 3099 commentarios

136 3136 204 3199 iam
228 3157 298 3200 esse
321 3146 490 3218 usurpatos
512 3147 611 3219 atque
633 3138 696 3200 hoc
725 3139 943 3202 intercedente
965 3141 1062 3202 etiam
1094 3140 1248 3202 maiorem
1271 3151 1400 3222 partem

136 3261 263 3317 eorum,
294 3263 391 3325 quam
414 3263 474 3305 nos
495 3263 667 3325 possumus
689 3245 869 3320 ostendere,
901 3246 932 3306 in
961 3243 1083 3307 scholia
1112 3265 1260 3308 manasse
1287 3256 1399 3310 nostro

134 3349 214 3420 iure¹
228 3348 457 3410 concludimus.
491 3347 633 3411 Primum
655 3349 727 3411 vide
751 3347 852 3412 schol.
875 3352 915 3412 A
938 3365 1019 3429 340:
1041 3347 1199 3428 Σέλευκος
1222 3347 1258 3414 ἔν’
1273 3351 1313 3437 τῇ
1335 3373 1399 3416 πο-

135 3449 282 3538 λοστίχῳ
305 3446 424 3540 γράφει
449 3447 610 3534 ἀναιδέος,
633 3446 833 3540 είεπίφορον
856 3449 917 3540 γάρ
932 3447 1019 3520 εἶναι
1040 3450 1098 3520 τὸν
1114 3447 1270 3536 Ἀχιλλέα
1290 3452 1338 3535 είς
1359 3451 1398 3522 τὸ

136 3550 260 3645 άναιδῆ
281 3557 395 3623 καλεῖν
415 3553 471 3624 τὸν
486 3552 727 3643 Ἀγαμέμνονα·
755 3554 845 3624 »αἰὲν
865 3554 1034 3642 ἀναιδείην
1055 3557 1222 3640 ἐπιειμένε
1245 3561 1399 3644 κερδαλέ-

136 3684 276 3750 oppon«.
300 3655 410 3751 ἀπηνῆ
435 3661 473 3729 δὲ
493 3663 589 3729 καλοῖ
610 3660 666 3730 τὸν
679 3658 908 3748 Ἀγαμέμνονα
931 3661 989 3730 διὰ
1002 3660 1043 3730 τὰ
1065 3661 1115 3743 εἰς
1130 3656 1227 3731 αὐτὸν
1248 3688 1399 3752 πεπραχ·

133 3766 231 3850 μένα.
253 3774 301 3833 Α.
339 3769 507 3832 Habemus
529 3770 561 3831 in
583 3771 646 3833 hoc
668 3770 792 3833 scholio
812 3771 952 3850 aliquem
976 3769 1203 3835 defendentem
1226 3772 1398 3836 lectionem

133 3873 341 3958 polystichae
372 3875 529 3953 editionis,
559 3876 675 3938 deinde
705 3875 842 3938 alterum
873 3874 1066 3938 refutantem
1099 3897 1181 3939 eam.
1226 3877 1321 3939 Illum
1343 3877 1398 3940 Se·

133 3980 266 4042 leucum
288 4000 360 4042 esse
382 3980 550 4043 verisimile
573 3991 632 4056 est,
662 3981 747 4043 hunc
769 3981 929 4044 neminem
960 4002 1031 4044 esse
1053 3982 1151 4044 alium
1174 4001 1272 4062 quam
1295 3983 1398 4064 Didy-

133 4105 227 4148 mum
247 4085 303 4146 vix
326 4095 435 4166 potest
465 4088 591 4168 negari,
622 4107 697 4149 nam
727 4088 795 4170 ipse
818 4107 960 4168 pugnare
983 4085 1137 4150 Seleucus
1167 4096 1280 4152 contra
1302 4088 1396 4170 poly-

133 4190 259 4254 stichae
283 4190 453 4254 lectionem
476 4202 545 4254 tum
568 4192 673 4255 solum
689 4193 850 4274 putandus
873 4202 968 4269 esset,
985 4193 1018 4255 si
1040 4193 1071 4254 in
1094 4193 1232 4254 editione
1255 4192 1324 4274 ipsa
1344 4214 1397 4257 ex-

132 4299 252 4362 titisset
275 4298 420 4361 lectionis
439 4293 592 4376 ἇναιδέος
613 4299 864 4371 commendatio
889 4299 921 4360 id
936 4297 1025 4380 quod
1048 4317 1144 4359 nemo
1168 4299 1287 4364 credet.
1318 4299 1396 4362 Alio
