3250 4980
176 1442 276 1549 Sunt
288 1485 343 1564 qui
357 1484 541 1566 vituperent
555 1506 622 1563 eos,
635 1485 689 1566 qui
704 1486 736 1547 in
750 1485 981 1566 grammaticos
996 1503 1130 1566 operam
1142 1486 1349 1566 studiumque

88 1595 266 1670 conferunt,
290 1597 380 1675 quod
401 1594 507 1658 bonos
521 1605 713 1676 veteresque
727 1604 877 1659 auctores
897 1595 1072 1677 neglegant
1089 1617 1212 1679 eosque
1227 1596 1345 1673 colant,

90 1702 143 1780 qui
171 1700 247 1763 nihil
276 1700 398 1782 proprii
420 1702 519 1763 edant
548 1703 605 1764 sed
628 1711 683 1765 aut
711 1709 839 1764 veteres
868 1701 1116 1782 interpretentur
1137 1709 1193 1764 aut
1221 1709 1347 1764 tantum

89 1815 237 1887 repetant
260 1825 371 1869 eorum
395 1807 450 1888 qui
471 1815 567 1869 antea
589 1805 716 1870 suerunt
738 1807 927 1869 doctrinam.
962 1805 1082 1886 Atqui
1105 1826 1170 1868 non
1193 1814 1348 1886 sequetur

89 1911 208 1974 rivulos
231 1911 328 1973 etiam
352 1910 447 1973 variis
468 1909 606 1974 flexibus
628 1921 787 1987 curvatos,
811 1911 917 1975 fontes
939 1931 1004 1973 non
1025 1920 1224 1992 assequetur.
1262 1911 1347 1974 Nam

89 2025 199 2078 nostra
213 2017 407 2098 scriptorum
421 2025 569 2079 veterum
589 2015 810 2099 interpretatio
826 2018 930 2098 magis
952 2037 971 2078 a
986 2016 1204 2094 grammaticis
1226 2017 1348 2098 pendet

90 2140 186 2200 quam
210 2121 315 2185 obiter
342 2121 539 2186 intuentibus
562 2121 716 2185 videatur.
759 2123 848 2185 Raro
876 2130 986 2184 autem
1008 2121 1144 2202 contigit
1171 2121 1279 2197 nobis,
1312 2131 1348 2185 ut

89 2246 131 2288 ex
145 2226 358 2307 plurimorum
375 2228 660 2310 grammaticorum
682 2227 808 2309 scriptis
829 2227 955 2308 integra
970 2224 1078 2308 aliqua
1099 2227 1217 2289 tradita
1232 2225 1347 2290 habea·

91 2350 169 2406 mus,
200 2332 259 2394 sed
287 2333 402 2414 ingens
431 2331 497 2396 fere
528 2331 698 2395 multitudo
727 2331 936 2395 frustulorum
957 2350 1000 2393 ex
1029 2330 1155 2412 scriptis
1178 2351 1292 2393 eorum
1315 2333 1347 2394 in

91 2434 220 2498 scholiis
242 2436 354 2501 lexicis
376 2438 456 2502 alius
483 2439 609 2520 generis
639 2437 847 2520 scriptoribus
869 2437 979 2500 abdita
1006 2446 1065 2500 est.
1111 2436 1237 2499 Tamen
1260 2437 1346 2500 mini·

92 2561 179 2604 mum
217 2542 298 2606 haec
333 2551 485 2625 prosunt,
527 2543 586 2606 nisi
622 2542 822 2626 singulorum
858 2551 1006 2607 auctores
1039 2552 1072 2606 et
1108 2551 1348 2624 propagatores

90 2645 270 2728 horumque
286 2668 371 2729 quae
392 2649 547 2730 cuiusque
560 2647 642 2712 fides
664 2657 698 2712 et
719 2648 862 2711 sollertia
883 2647 924 2710 sit
945 2649 1103 2712 novimus.
1134 2646 1233 2728 Quod
1249 2668 1347 2730 quam

91 2771 220 2815 necesse
244 2753 294 2828 sit,
322 2753 372 2815 his
392 2754 593 2835 temporibus
615 2756 719 2836 magis
742 2754 911 2835 magisque
933 2754 1140 2835 cognoscitur
1168 2752 1344 2834 pluresque

91 2858 130 2919 de
152 2857 285 2938 singulis
307 2859 526 2940 grammaticis
548 2859 781 2942 disputationes
802 2860 834 2922 in
856 2859 961 2922 lucem
983 2859 1153 2940 prodeunt.
1200 2856 1347 2938 Quarum

92 2982 258 3025 numerum
292 2964 442 3044 equidem
474 2985 589 3047 augeo,
626 2985 700 3028 cum
732 2966 773 3028 de
807 2963 945 3027 Seleuco
975 2963 1151 3026 Homerico
1181 2963 1347 3039 disseram,

93 3087 189 3148 quem
219 3068 396 3131 interillos
425 3089 490 3132 non
512 3071 660 3133 ultimum
682 3079 792 3132 tenere
814 3069 921 3132 locum
944 3069 1005 3133 hac
1033 3070 1104 3150 ipsa
1124 3068 1349 3131 dissertatione

94 3192 143 3235 me
166 3173 336 3236 docturum
362 3194 433 3237 esse
455 3195 561 3257 spero

175 3277 264 3341 Ante
287 3298 340 3341 me
361 3279 536 3361 disputavit
558 3281 599 3344 de
614 3278 751 3344 Seleuco
773 3281 818 3343 M.
835 3278 1032 3342 Schmidtius
1053 3279 1085 3342 in
1101 3278 1163 3344 -III,
1185 3277 1348 3342 volumine

93 3382 249 3464 Philologi
278 3403 309 3465 p.
332 3384 398 3463 436
412 3403 461 3466 sq.
491 3383 659 3466 (Seleucus
687 3387 744 3450 der
766 3385 961 3448 Homeriker
989 3385 1055 3446 und
1083 3383 1170 3447 seine
1192 3383 1347 3446 Namens

93 3490 318 3569 verwandten).
362 3487 427 3553 Sed
455 3489 549 3554 facile
578 3490 773 3573 intellegitur
801 3510 916 3572 parum
946 3487 1093 3552 sufficere
1122 3488 1211 3551 illam
1232 3497 1346 3552 tracta-

93 3594 221 3670 tionem,
252 3615 328 3658 nam
350 3615 389 3659 ea
410 3605 537 3659 tantum
565 3596 708 3678 praebet,
740 3597 874 3678 quaein
904 3614 1030 3658 summa
1052 3594 1157 3657 iacent
1179 3591 1348 3675 superficie

94 3707 126 3761 et
146 3719 185 3763 ne
207 3699 289 3764 haec
311 3699 441 3782 quidem
463 3701 573 3764 omnia
593 3711 679 3765 recte
701 3700 862 3783 exposuit,
892 3701 937 3763 ita
958 3708 993 3762 ut
1014 3708 1144 3780 tempus
1166 3718 1237 3762 esse
1260 3699 1346 3761 vide-

94 3813 162 3868 atur
181 3805 290 3868 denuo
312 3807 353 3870 de
375 3806 425 3868 his
446 3806 543 3870 rebus
564 3807 690 3888 agendi.
1278 3815 1280 3821 ‘

174 3909 288 3993 Atque
309 3913 450 3993 primum
471 3931 665 3993 quaeramus
686 3913 728 3976 de
750 3921 856 3975 aetate
879 3912 955 3986 eius,
978 3911 1020 3974 de
1042 3911 1118 3984 vita,
1148 3910 1190 3973 de
1212 3909 1347 3990 scripto·

95 4035 161 4078 rum
184 4015 293 4090 titulis,
321 4018 362 4080 de
391 4017 552 4080 nonnullis
574 4017 690 4098 quibus
717 4017 803 4080 idem
833 4035 953 4079 nomen
982 4013 1076 4078 luerit
1103 4013 1191 4097 apud
1220 4023 1348 4077 veteres

95 4120 176 4184 haud
198 4121 369 4189 insuetum.
413 4123 466 4185 De
488 4130 595 4186 aetate
616 4121 713 4205 plane
735 4123 853 4186 erravit
875 4120 1080 4198 Schmidtius,
1108 4119 1284 4182 rectissime
1306 4121 1347 4183 iu·

95 4226 277 4290 dicaverunt
298 4226 480 4291 Beccardus
503 4225 555 4313 (de
581 4227 683 4295 schol.
706 4227 824 4292 Venet.
844 4226 962 4293 Iliadis.
984 4226 1090 4295 Berol.
1117 4225 1207 4304 1865,
1238 4244 1271 4306 p.
1294 4224 1349 4308 68)

96 4340 125 4394 et
152 4331 312 4394 Maassius
341 4333 432 4415 (Phil.
463 4332 593 4396 Unters.
623 4333 669 4395 Ill
696 4353 728 4414 p.
756 4335 808 4415 31)
838 4341 871 4396 et
900 4333 1043 4414 Bappius
1071 4331 1348 4411 (commentation.

141 4442 255 4484 nunes.
1130 4448 1140 4484 1
