3250 4980
698 376 908 420 ..11-

255 526 405 590 Alterum
435 537 636 590 momentum
667 529 708 590 ad
738 527 952 611 definiendam
974 529 1126 591 Herodici
1153 537 1293 592 aetatem
1323 529 1429 592 debeo

170 631 432 696 Wilamowitzio.
492 633 604 695 Potest
639 634 724 696 enim
760 634 973 697 demonstrari
1011 633 1173 696 Athenaei
1195 633 1288 696 libri
1328 635 1431 714 quinti

170 756 215 800 cc.
245 754 256 797 1
283 745 316 800 et
340 754 357 800 2
381 739 557 800 maximam
587 737 619 800 in
641 747 768 819 partem
790 740 935 802 eiusdem
958 759 1038 814 esse,
1070 740 1192 820 qui-cc.
1216 741 1321 804 2-18
1344 761 1430 803 com·

170 843 287 924 posuit.
343 843 491 906 Eandem
524 844 608 905 enim
644 842 695 905 hic
728 843 885 907 habemus
919 842 1102 907 Stoicorum
1140 845 1297 908 rationem
1331 865 1430 925 quam

169 957 294 1030 postea,
326 948 507 1012 Homerum
529 957 564 1010 ut
593 949 692 1010 totius
715 947 922 1012 humanitatis
942 959 1191 1030 praeceptorem
1213 950 1429 1032 praedicandi.

170 1053 256 1115 Vide
272 1075 302 1134 p.
325 1054 430 1133 185b:
455 1051 538 1138 φησὶ
559 1044 591 1117 δ’
618 1039 674 1124 οὖν
696 1044 873 1140 ὁποιητὴς
894 1051 973 1138 περὶ
994 1054 1053 1119 τοῦ
1067 1047 1240 1120 Μενελάου
1261 1049 1431 1139 τὸνλόγον

170 1151 368 1240 ποιούμενος
390 1158 423 1238 (δ
439 1161 468 1238 3)
501 1149 545 1236 ῶς
565 1152 752 1240 νενόμισται
783 1149 875 1244 δγυιν
901 1152 1073 1240 συμπόσια
1103 1158 1181 1244 περὶ
1210 1157 1284 1238 τοὺς
1306 1156 1431 1244 γάμους

169 1265 234 1328 τῶν
261 1285 296 1328 τε
325 1261 495 1348 γαμηλίων
530 1263 620 1328 θεῶν
649 1259 743 1327 ἕνεκα
775 1262 832 1328 καὶ
869 1266 926 1349 τῆς
960 1259 1062 1328 οἱονεὶ
1094 1261 1283 1349 μαρτυρίας.
1321 1260 1359 1329 τὸ
1391 1263 1429 1329 δὲ

171 1365 255 1454 πρὸς
275 1359 351 1447 τοδς
373 1365 483 1448 ξένους
505 1361 693 1448 συμπόσιον
715 1361 732 1435 δ
754 1371 812 1456 τῆς
833 1366 968 1446 Λυκίας
988 1363 1144 1450 βασιλεὺς
1174 1363 1327 1436 διδάσκει
1357 1359 1430 1434 οἷον

170 1465 257 1540 εἶναι
288 1473 340 1540 δεῖ
370 1467 435 1538 κτὲ.
479 1474 605 1536 Deinde
638 1475 787 1549 ostendit,
819 1484 854 1538 ut
876 1475 1039 1536 Homerus
1069 1475 1183 1537 heroes
1212 1477 1358 1540 convivia
1381 1497 1430 1538 ce·
1456 1503 1459 1512 ’

171 1579 332 1642 lebrantes
362 1578 457 1641 faciat
479 1579 634 1642 amicitiae
663 1578 842 1644 firmandae
872 1599 977 1652 causa,
1009 1579 1055 1642 sic
1078 1580 1175 1642 etiam
1205 1583 1236 1644 in
1262 1581 1430 1662 republica

172 1693 205 1747 et
239 1685 269 1746 in
301 1683 526 1766 philosophiae
563 1683 735 1765 disciplinis
773 1685 897 1764 legibus
933 1685 1131 1766 praescripta
1164 1705 1235 1748 esse
1272 1687 1428 1750 convivia.

171 1787 284 1870 Atque
312 1788 364 1851 hic
394 1798 508 1850 extant
539 1788 619 1854 haec
651 1790 766 1853 verba:
801 1789 936 1856 πολλῶν
964 1790 1040 1872 γοῦν
1068 1785 1134 1854 εἰσι
1168 1786 1365 1878 φιλοσόφων
1395 1788 1430 1856 ἐν

170 1888 265 1959 ῶστει
293 1887 426 1958 σύνοδοι
455 1896 520 1958 τῶν
540 1891 600 1974 μὲν
621 1896 851 1979 Διογενιστῶν,
882 1895 947 1959 τῶν
969 1892 1006 1959 δὲ
1029 1885 1311 1980 Ἀντιπατριστῶν
1340 1895 1429 1980 λεγο-

167 2001 284 2082 μένων,
306 2001 370 2064 τῶν
392 1998 430 2062 δὲ
452 2003 716 2065 Παναιτιαστῶν.

256 2103 382 2186 Quibus
405 2106 590 2186 agnoscitur
612 2103 741 2168 Stoicus
763 2105 960 2182 Herodicus;
984 2125 1058 2167 nam
1075 2105 1240 2183 Diogenes
1256 2107 1430 2188 Antipater

169 2210 340 2273 Panaetius
369 2220 444 2274 sunt
475 2209 584 2272 Stoici.
631 2209 856 2292 Comperimus
888 2211 984 2291 igitur
1013 2209 1165 2273 Herodici
1195 2221 1302 2276 aetate
1331 2211 1429 2275 luisse

170 2316 310 2379 Athenis
331 2315 469 2396 collegia
490 2315 679 2390 convivalia,
704 2335 788 2396 quae
810 2315 1010 2377 vocabantur
1032 2316 1072 2377 de
1089 2315 1237 2396 Diogene
1253 2318 1429 2399 Antipatro

169 2422 333 2496 Panaeti0,
366 2421 514 2482 nimirum
545 2421 620 2502 quia
649 2421 691 2483 ab
726 2420 774 2483 his
808 2415 899 2482 erant
928 2421 1066 2483 condita.
1111 2421 1225 2501 Neque
1254 2441 1336 2485 vero
1365 2424 1430 2486 iam

170 2526 284 2590 Cicero
308 2546 445 2608 usquam
475 2525 552 2589 talia
573 2525 711 2608 collegia
733 2534 970 2588 commemorat
999 2545 1104 2606 neque
1128 2526 1296 2588 verisimile
1319 2537 1369 2590 est
1390 2549 1430 2592 ea

169 2633 334 2696 duravisse
357 2651 455 2712 supra
477 2630 681 2693 Athenarum
704 2631 981 2712 expugnationem
1002 2651 1030 2692 a.
1056 2631 1097 2693 86
1118 2652 1147 2693 a.
1172 2630 1246 2693 Chr.
1281 2632 1429 2708 Accedit,
1508 2667 1510 2670 ·

170 2738 260 2820 quod
282 2738 345 2800 iam
360 2736 549 2799 Posidonius
564 2736 705 2800 Panaetii
727 2735 901 2816 discipulus
923 2745 956 2798 et
974 2735 1004 2798 ei
1018 2737 1072 2816 qui
1094 2736 1312 2815 sequebantur
1329 2737 1429 2800 Stoici

170 2844 237 2907 lere
270 2843 365 2924 plane
399 2841 561 2903 redierunt
592 2844 634 2906 ad
665 2843 818 2904 traditam
849 2839 1033 2904 Stoicorum
1066 2841 1280 2923 disciplinam,
1315 2861 1335 2902 a
1365 2859 1430 2920 qua

169 2949 339 3013 Panaetius
361 2948 392 3009 in
408 2946 553 3027 pluribus
575 2945 792 3027 gravibusque
815 2944 894 3008 locis
916 2946 1047 3010 abierat.
1083 2945 1193 3026 Quare
1208 2946 1429 3008 Panaetiastae

171 3053 292 3135 quippe
315 3054 369 3133 qui
392 3050 566 3114 conditoris
589 3051 752 3114 doctrinas
774 3061 946 3125 servarent,
978 3050 1065 3113 haud
1088 3052 1140 3114 diu
1164 3060 1240 3132 post
1262 3051 1352 3114 illum
1374 3071 1429 3114 ex-

169 3157 270 3220 titisse
288 3158 422 3238 putandi
442 3166 525 3219 sunt.
560 3157 650 3237 Ergo
666 3156 729 3217 iam
752 3176 854 3219 annos
878 3171 938 3236 150
951 3165 984 3218 et
999 3157 1041 3220 86
1063 3157 1142 3219 fines
1157 3165 1297 3220 statuere
1315 3177 1429 3238 possu-

170 3282 242 3324 mus
264 3263 430 3343 temporis,
454 3283 520 3344 quo
542 3261 704 3343 scripserit
726 3262 906 3324 Herodieus
928 3260 982 3323 illa
1003 3263 1102 3342 verba
1111 3265 1143 3342 ¹).

255 3367 325 3430 Iam
358 3369 435 3431 satis
469 3377 533 3430 stat
566 3388 639 3430 mea
667 3367 825 3430 sententia
858 3368 900 3429 de
926 3365 1062 3430 Seleuco
1092 3366 1253 3430 Athenaei
1286 3376 1427 3430 auctore.

170 3471 245 3554 Qua
268 3473 405 3554 probata
427 3493 525 3554 porro
541 3473 693 3554 progredi
715 3493 897 3555 possumus.
931 3471 1042 3552 Atque
1058 3492 1251 3552 quaeramus
1272 3473 1313 3536 de
1335 3474 1430 3536 tertia

168 3580 201 3640 in
230 3577 291 3640 hac
320 3588 412 3658 parte
441 3588 551 3642 contra
581 3577 805 3641 Aristarchum
836 3577 1054 3659 disputatione
1083 3598 1114 3658 p.
1143 3591 1226 3656 177c
1241 3598 1290 3657 sq.
1343 3577 1430 3640 Dicit

170 3684 254 3745 enim
279 3693 407 3746 auctor:
442 3674 641 3766 »αὐτόματος
663 3681 701 3748 δέ
722 3678 755 3747 oi
778 3669 864 3768 ἦλθε
884 3677 967 3766 βοὴν
998 3672 1128 3766 ἀγαθὸς
1150 3678 1337 3760 Μενέλαοςι
1372 3682 1428 3769 δῆ-

169 3789 227 3852 λον
255 3783 316 3871 γὰρ
340 3780 385 3866 ῶς
412 3778 485 3853 οὔτε
507 3778 653 3871 ἀδελφὸν
681 3780 755 3853 οὕτε
784 3787 898 3872 γονέας
927 3778 1001 3852 οὔτε
1024 3788 1161 3870 γυναῖκα
1191 3783 1326 3870 κλητέον
1354 3778 1423 3851 οὔτ’

170 3888 269 3970 εἴτις
285 3888 444 3972 ἰσοτίμως
459 3887 551 3971 τινὰς
565 3886 693 3970 τούτοις
707 3882 790 3976 ἄγει.
814 3891 871 3958 καὶ
887 3887 949 3976 γὰρ
964 3881 1005 3956 ῶν
1019 3903 1145 3976 ψυχρον
1159 3884 1211 3975 εἴη
1226 3890 1284 3953 καὶ
1298 3881 1430 3975 ῶφιλον.

258 4067 280 4132 ¹)
301 4067 362 4116 Non
386 4067 462 4134 plane
486 4083 632 4132 persuasum
652 4067 714 4116 mihi
734 4076 780 4128 est,
806 4067 876 4132 quod
892 4055 1127 4118 'schoenemannus
1140 4049 1184 4116 'de
1202 4065 1323 4115 Herodici
1346 4073 1430 4116 aetate

168 4155 210 4221 (ex
228 4156 307 4206 schol.
326 4159 392 4206 Rau.
413 4155 490 4220 1028)
514 4156 686 4206 demonstrare
710 4156 807 4206 studuit
825 4154 887 4217 (Rh.
906 4157 973 4204 Mus.
992 4169 1026 4216 42
1044 4173 1070 4222 p.
1088 4154 1213 4219 467·sq.).
1248 4155 1339 4220 Neque
1361 4153 1430 4202 enirn

170 4253 266 4294 certum
289 4253 340 4303 est,
368 4251 452 4293 utrum
470 4245 596 4310 Didymus
618 4243 776 4294 Herodicum
798 4243 887 4293 adierit
911 4260 943 4294 au
963 4245 1172 4301 Eratosthenem,
1200 4261 1216 4292 a
1239 4259 1290 4308 quo
1317 4243 1358 4291 hic
1384 4258 1431 4291 sua

168 4333 263 4382 habere
282 4333 440 4382 Herodicum
457 4332 510 4397 ipse
529 4331 650 4381 intellexit
667 4332 818 4382 Schoenem.
