3250 4980
613 351 935 398 .-·22-

196 508 317 571 miscue
346 506 582 588 usurpabantur
610 527 630 569 a
659 506 767 588 vulgo,
802 505 950 569 notiones
979 505 1159 570 accuratius
1189 505 1330 583 definire,
1365 508 1456 590 quod

196 613 274 676 item
296 611 484 694 praesertim
506 610 544 675 fit
565 612 684 693 etymis
706 610 811 674 allatis
833 609 966 692 (Athen.
989 610 1019 672 II
1040 635 1069 693 p.
1096 613 1183 692 5oa).

281 715 514 780 Difficillimum
530 725 580 779 est
595 717 709 792 dicere,
734 715 810 796 quid
827 716 1018 778 continuerit
1041 714 1121 779 liber
1142 715 1221 802 περὶ
1243 717 1307 782 τῶν
1323 718 1459 800 ψευδεῖς

175 822 472 903 πεπιστευμένων.
523 821 651 885 Eodem
681 821 775 884 titulo
809 822 978 903 inscriptus
1009 821 1126 884 citatur
1154 821 1235 885 liber
1267 822 1419 887 Andreae
1429 825 1454 906 ¹)

196 929 283 1011 apud
306 925 512 990 Athenaeum
535 926 599 990 VII
621 949 651 1007 p.
677 942 773 1005 312e.
825 919 981 1012 Ἀνδρέας
1009 922 1044 990 ἐν
1064 927 1111 1012 τῷ
1141 925 1220 1012 περὶ
1242 927 1375 1011 ψευδῶς
1397 951 1455 994 πε·

195 1029 418 1115 πιστευμένων
440 1029 563 1116 ψεῦδός
584 1051 685 1119 φησιν
714 1020 801 1096 είναι
822 1025 861 1096 τὸ
882 1023 1043 1115 μύραιναν
1066 1026 1134 1112 ἔχει
1163 1030 1347 1116 μίγνυσθαι
1370 1055 1450 1118 προ-

195 1133 369 1222 ερχομένην
397 1133 457 1201 ἐπὶ
477 1131 516 1202 τὸ
537 1135 724 1221 τεναγῶδες.
765 1136 846 1200 Tale
873 1138 949 1216 quid
980 1135 1116 1200 sortasse
1148 1139 1245 1201 etiam
1275 1139 1306 1200 in
1328 1137 1456 1204 Seleuci

194 1243 276 1306 libro
304 1241 404 1306 insuit.
449 1241 515 1305 Sed
545 1241 621 1304 nihil
650 1242 729 1304 certi
757 1250 867 1322 potest
896 1243 973 1318 dici,
1004 1243 1092 1323 quod
1122 1243 1198 1306 nihil
1228 1264 1272 1307 ex
1300 1263 1342 1307 eo
1371 1243 1458 1308 libro

195 1357 336 1412 aetatem
358 1346 439 1410 tulit.

279 1453 394 1533 Neque
417 1451 520 1516 multo
542 1451 635 1533 plura
656 1451 775 1514 scimus
802 1451 842 1514 de
865 1451 952 1516 libris
974 1451 1053 1538 περὶ
1076 1451 1292 1542 φιλοσοφίας,
1322 1474 1366 1517 ex
1387 1454 1458 1536 qui·

193 1559 255 1624 bus
277 1559 343 1622 duo
365 1566 492 1620 tantum
514 1566 641 1620 servata
663 1565 737 1620 sunt
766 1555 956 1638 fragmenta.
1001 1556 1108 1622 Primo
1135 1559 1209 1623 loco
1230 1557 1279 1640 (fr.
1302 1561 1355 1640 74)
1378 1560 1458 1623 dicit

194 1663 372 1728 Crotonem
395 1663 557 1745 quendam
580 1671 718 1738 secutus,
743 1659 908 1726 Cratetem
930 1665 1093 1743 quendam
1108 1663 1262 1728 Heracliti
1285 1663 1399 1728 librum
1422 1665 1456 1728 in

194 1767 364 1834 Graeciam
397 1767 533 1848 primum
571 1767 724 1831 detulisse
756 1769 959 1851 eundemque
992 1770 1111 1834 dixisse
1147 1769 1224 1833 illud
1257 1769 1379 1833 dictum
1413 1771 1457 1834 de

195 1875 290 1940 Delio
312 1874 482 1948 urinatore,
506 1871 595 1952 quod
616 1871 691 1935 alibi
713 1873 891 1936 vindicatur
912 1872 1047 1941 Socrati.
1088 1876 1205 1938 Altero
1227 1875 1301 1938 loco
1323 1876 1365 1938 de
1385 1875 1457 1940 Pla·

194 1990 271 2044 tone
301 1979 428 2042 videtur
459 1977 588 2052 dixisse,
622 1979 680 2041 sed
714 1978 790 2041 nihil
823 1988 986 2043 servatum
1019 1991 1070 2044 est
1099 1982 1157 2044 nisi
1188 1981 1286 2043 etiam
1315 1979 1455 2044 alterum

194 2084 291 2148 fuisse
306 2083 474 2148 Platonem
497 2081 727 2165 philosophum
741 2081 905 2148 Rhodium
928 2084 1119 2167 discipulum
1141 2082 1291 2148 Panaetii.
1326 2083 1457 2167 Quibus

194 2210 237 2254 ex
266 2189 454 2271 fragmentis
486 2189 541 2252 vix
574 2187 694 2270 aliquid
723 2189 800 2252 certi
833 2189 875 2252 de
908 2189 1015 2254 indole
1048 2189 1118 2253 libri
1151 2200 1261 2271 potest
1294 2190 1454 2268 concludi,

194 2297 252 2359 nisi
275 2296 364 2378 quod
386 2295 418 2357 in
440 2315 480 2357 eo
504 2294 607 2376 magis
630 2295 670 2358 de
692 2293 894 2376 philosophis
916 2296 1042 2358 videtur
1063 2305 1172 2358 actum
1195 2316 1266 2358 esse
1289 2316 1388 2376 quam
1410 2297 1456 2362 de

192 2399 408 2484 philosophia.

277 2506 346 2568 Iam
367 2505 593 2586 aggrediamur
612 2505 654 2567 ad
675 2524 750 2568 eum
772 2503 898 2580 librum,
922 2523 1021 2586 quem
1038 2503 1154 2568 Suidas
1175 2506 1252 2570 citat
1274 2507 1334 2570 sub
1356 2507 1454 2572 titulo

192 2609 272 2698 περὶ
299 2612 363 2674 τῶν
391 2603 474 2694 παρ’
501 2599 749 2692 Ἀλεξανδρεῦσι
779 2611 1030 2693 παροιμιῶν..
1075 2611 1335 2674 Fundamentum
1365 2613 1455 2675 enim

193 2717 244 2780 hic
266 2715 347 2778 liber
369 2725 427 2791 est,
450 2725 486 2778 ut
507 2715 734 2798 comprobavit
756 2713 838 2778 Otto
860 2713 1000 2790 Crusius,
1023 2717 1090 2779 eius
1109 2736 1206 2799 quem
1229 2737 1332 2801 nuper
1353 2719 1455 2782 edidit

192 2821 353 2884 Plutarchi
375 2821 417 2884 de
439 2819 615 2902 proverbiis
637 2819 934 2904 Alexandrinorum
956 2820 1054 2884 libelli
1077 2820 1177 2902 (Lips.
1207 2823 1299 2904 1887)
1322 2841 1387 2904 qua
1409 2821 1454 2884 de

193 2947 227 2989 re
256 2946 406 2989 assensus
436 2925 464 2987 ei
494 2934 544 2988 est
573 2924 838 2988 Wilamowitzius
868 2926 946 3008 (lnd.
977 2923 1078 2990 schol.
1107 2925 1198 2991 Gott.
1228 2925 1321 3006 April
1348 2927 1454 3006 1887).

192 3030 236 3094 Et
258 3031 352 3107 mihi,
384 3050 582 3114 quamquam
611 3029 764 3094 nonnulla
786 3028 888 3094 Crusii
910 3039 1100 3112 argumenta
1122 3029 1202 3094 salsa
1223 3041 1307 3106 sunt,
1341 3041 1453 3095 tamen

192 3145 313 3208 restare
344 3137 500 3212 videntur,
535 3136 650 3219 quibus
673 3135 829 3217 probetur
851 3157 889 3199 ea
921 3137 1087 3203 sententia.
1131 3137 1226 3200 Errat
1261 3143 1369 3200 autem
1404 3138 1456 3200 vir

191 3242 308 3306 doctus
341 3243 372 3304 in
404 3241 598 3322 explicando
626 3241 788 3304 Athenaei
819 3241 892 3304 loco
922 3241 970 3303 IV
999 3262 1031 3323 p.
1059 3241 1164 3322 172d:
1202 3238 1383 3324 πεμμάτων
1412 3239 1454 3308 δὲ

191 3341 324 3431 πρῶτόν
352 3366 454 3436 φησιν
481 3350 701 3433 μνημονεῦσαι
721 3341 916 3412 Πανύασσιν
944 3343 1111 3425 Σέλευκος,
1144 3343 1179 3410 ἐν
1207 3337 1259 3426 οἷς
1286 3346 1364 3432 περὶ
1393 3349 1455 3434 τῆς

191 3444 275 3535 παρ’
301 3447 509 3536 Αἰγυπτίοις
531 3446 818 3537 ἀνθρωποθυσίας
839 3452 1016 3536 διηγεῖται,
1055 3443 1167 3516 πολλοὶ
1187 3451 1248 3534 μὲν
1274 3449 1450 3519 ἐπιθεῖναι

104 3578 105 3582 ’
191 3555 294 3641 λέγων
321 3553 483 3639 πέμματα
512 3553 641 3636 πολλὰς
670 3557 707 3623 δὲ
735 3551 901 3634 νοσσάδας
929 3546 1028 3642 ίίρνις.
1080 3557 1207 3621 Putavit
1236 3559 1321 3621 enim
1350 3558 1453 3621 verba

191 3657 226 3726 ἐν
248 3659 301 3740 οίς
321 3697 365 3709 -
384 3662 546 3749 διηγεῖται
576 3684 640 3726 non
662 3664 704 3726 ad
726 3663 901 3746 Panyassin
929 3664 988 3726 sed
1015 3663 1057 3725 ad
1078 3660 1251 3726 Seleucum
1279 3663 1452 3746 pertinere.

190 3767 317 3830 Deinde
339 3766 553 3831 Schmidtium
583 3778 712 3831 secutus
739 3767 854 3830 librum
882 3767 961 3852 περὶ
988 3768 1079 3832 θεῶν
1107 3768 1200 3831 huius
1222 3767 1348 3832 Seleuci
1378 3788 1452 3832 esse

190 3872 363 3950 existimat,
395 3893 492 3955 quam
515 3894 583 3936 rem
613 3875 756 3936 maxime
785 3893 856 3934 esse
878 3873 1009 3936 dubiam
1039 3873 1102 3935 iam
1125 3874 1202 3936 dixi.
1247 3874 1333 3936 Tum
1355 3870 1453 3957 βίους

190 3979 418 4060 conscripsisse
441 3977 612 4043 Seleucum
635 3979 711 4050 dicit
739 3987 910 4060 poetarum
932 3987 966 4041 et
991 3977 1260 4061 philosophorum
1283 3977 1449 4052 nobilium,

189 4101 388 4166 quamquam
422 4085 486 4147 iarn
513 4083 709 4148 Schmidtius
741 4081 820 4166 περὶ
852 4079 935 4165 βίων
967 4093 1054 4146 recte
1087 4085 1182 4147 vertit
1215 4085 1273 4148 »de
1305 4083 1451 4146 moribus

276 4311 296 4377 ι)
314 4313 429 4362 Andreas
446 4312 560 4362 medicus
577 4312 749 4378 Herophileus
766 4321 803 4362 est
822 4313 848 4362 in
870 4313 927 4364 aula
944 4312 1085 4364 Ptolemaei
1102 4313 1150 4363 1v.
1183 4313 1285 4363 Wilam.
