3250 4980
687 368 897 428 -41-

160 523 220 586 τού
242 515 331 606 ᾠδοῦ
352 520 436 604 μηδὲ
466 512 551 607 ᾠδὴν
580 508 619 605 ἣν
640 519 699 605 ηδε
721 520 812 604 μηδὲ·
830 522 1000 604 προςέχειν
1022 521 1096 600 τοὺς
1122 522 1200 607 περὶ
1229 521 1418 603 Τηλέμαχον

161 618 260 710 αύτῷ,
291 619 448 709 καθάπερ
472 621 503 689 δ’
528 622 562 690 έν
582 628 696 713 σιωπῇ
715 650 781 691 τινι
805 626 862 692 καί
884 627 1002 713 ἠρεμίᾳ
1023 630 1194 692 κατανοεῖν
1215 626 1341 708 μᾶλλον
1363 622 1419 690 τὸν

159 723 270 795 οἶκον·
302 727 412 795 καίτοι
436 753 471 814 γε
493 731 566 808 πῶς
580 725 647 795 Ιούκ
677 723 849 796 ἀπίθανον
870 729 945 812 τούς
966 737 1030 798 τῶν
1051 725 1306 818 φρονιμωτάτων
1327 727 1419 810 υίέας

155 829 349 912 Ὀδυσσέως
381 834 439 899 καὶ
470 837 635 918 Νέστορος
666 833 903 921 ἐπαριστέρους
940 835 1145 922 εἷςύγεσθαι,
1180 831 1262 901 ὥστε
1296 830 1420 919 τρόπον

159 933 325 1024 ἀγροίκων
352 942 450 1004 τινῶν
478 936 523 1024 μὴ
546 939 717 1024 προςέχειν
743 945 814 1020 τοῖς
843 943 1165 1028 παρεσκευασμένοις
1196 934 1419 1026 ἀκροάμασιν,·

159 1038 179 1111 ὃ
201 1047 277 1130 γοῦν
296 1040 470 1122 Ὀδυσσεύς
490 1045 642 1129 προςέχει
657 1049 729 1124 τοῖς
750 1050 815 1112 τῶν
830 1045 990 1115 Φαιάκων
1012 1041 1258 1136 ᾀσματοποιοῖς
1273 1051 1312 1127 (θ
1328 1049 1416 1126 264)·

157 1209 164 1222 .
184 1205 191 1219 .
212 1151 332 1239 »αὐτὰρ
350 1147 526 1233 Ὀδυσσεύς
548 1151 763 1240 μαρμαρυγὰς
778 1159 896 1240 θηεῖτο
913 1155 1036 1233 ποδῶν,
1058 1148 1211 1236 θαύμαζε
1234 1151 1271 1217 δέ
1286 1155 1416 1236 θυμῷι,

156 1259 282 1344 καίπερ
305 1257 386 1340 έχων
416 1255 528 1325 πολλὰ
558 1257 599 1324 τὰ
628 1262 843 1346 περιέλκοντα
873 1260 931 1332 καί
955 1253 1128 1341 δυνάμενος
1150 1254 1259 1321 εἰπεῖν
1282 1260 1321 1336 (θ
1347 1257 1416 1337 154)

161 1360 284 1446 »κήδεά
313 1389 371 1446 μοι
394 1365 452 1430 καί
475 1365 602 1446 μᾶλλον
625 1363 672 1429 ένὶ
696 1367 811 1454 φρεσὶν
841 1359 924 1454 ἢπερ
949 1358 1094 1430 ἆοιδαίο.
1124 1367 1198 1440 πῶς
1221 1351 1274 1427 σύν
1297 1353 1355 1426 ούκ
1378 1351 1419 1424 δν

157 1466 334 1554 ἀβέλτερος
360 1465 412 1555 εἰἠ
436 1463 453 1536 ὃ
481 1468 672 1555 Τηλέμαχος
695 1464 779 1558 ᾠδοῦ
802 1466 964 1554 παρόντος
986 1470 1044 1535 καὶ
1067 1469 1299 1554 κυβιστητῆρος
1319 1488 1417 1549 προς-

154 1572 293 1642 κύπτων
323 1570 408 1660 πρὸς
435 1572 491 1640 τὸν
512 1575 751 1658 Πεισίστρατον
774 1578 807 1657 (δ
828 1579 882 1657 70)
912 1576 971 1641 καί
999 1579 1063 1640 τῶν
1092 1578 1215 1642 σκευῶν
1238 1567 1340 1657 [ύίραν
1367 1576 1416 1637 vel

153 1683 277 1763 θαῦμα
308 1682 359 1742 vei
390 1678 551 1769 φροντίδα
582 1683 654 1744 add.
686 1681 796 1766 Kaib]
831 1679 1064 1762 διατιθέμενος
1095 1683 1165 1763 (δια
1198 1687 1260 1748 del.
1291 1685 1416 1766 Kaib.);

158 1778 234 1851 ἀλλ’
258 1779 403 1870 Ὅμηρος
425 1779 537 1870 ὥσπερ
561 1780 690 1871 ἀγαθὸς
713 1780 885 1871 ζωγράφος
906 1779 1015 1850 πάντα
1040 1781 1155 1868 ὅμοιον
1168 1793 1215 1875 τῷ
1237 1789 1341 1873 πατρὶ
1362 1785 1418 1854 τὸν

163 1891 354 1978 Τηλέμαχον
376 1888 577 1975 παρίστησι·
600 1889 765 1976 πεποίηκε
787 1894 863 1975 γοῦν
886 1884 1092 1978 ἀμφοτέρους
1113 1891 1168 1959 τὸν
1189 1893 1249 1976 μέν
1270 1897 1318 1980 τῷ
1341 1891 1417 1958 Ἀλ-

155 1993 258 2082 κινόῳ
281 2000 320 2077 (θ
343 2000 425 2076 521),
456 1991 512 2060 τὸν
534 1994 571 2060 δέ
600 2001 646 2083 τῷ
669 1993 828 2080 Μενελάῳ
851 1996 883 2078 (δ
906 1999 974 2078 113)
1007 1992 1065 2060 διὰ
1096 1993 1245 2082 δακρύιον
1267 1999 1417 2084 γνωριζο-

105 2169 112 2190 r
155 2101 288 2184 μένους·
312 2102 431 2164 Athen.
454 2101 486 2162 V
508 2122 534 2163 c.
558 2119 673 2180 9a11.

243 2205 329 2291 φασὶ
355 2203 431 2283 τοὺς
462 2205 485 2271 ε’
509 2204 639 2286 στίχους
659 2204 791 2284 τούτους
812 2205 857 2291 μὴ
880 2199 966 2272 εἶναι
994 2209 1053 2272 τοῦ
1077 2203 1226 2294 Ὁμήρου,
1252 2203 1337 2271 ἀλλὰ
1361 2211 1418 2273 τοῦ

155 2302 382 2395 Ἀριστάρχου.
416 2311 523 2374 Schol.
547 2312 592 2379 M,
615 2311 654 2378 T.

244 2410 268 2480 ε’
291 2418 400 2498 scrips.
424 2417 520 2478 Dind.
545 2436 604 2497 pro
628 2407 665 2499 γ’.
709 2415 773 2478 Sed
797 2425 883 2478 recte
907 2417 1014 2479 addit:
1038 2418 1190 2481 Fortasse
1213 2439 1278 2482 non
1301 2417 1418 2481 librarii

158 2524 217 2584 sed
239 2523 338 2603 ipsius
352 2543 441 2585 error
464 2531 513 2584 est
534 2521 735 2597 scholiastae,
760 2543 799 2584 eo
823 2522 1042 2602 explicandus,
1068 2525 1155 2604 quod
1178 2524 1220 2586 ab
1239 2525 1417 2604 antiquiore

156 2629 330 2708 interprete
360 2628 567 2690 observatum
598 2637 667 2689 erat
700 2635 765 2690 tres
800 2636 984 2708 postremos
1014 2649 1126 2690 versus
1155 2649 1198 2690 ex
1226 2629 1325 2691 Iliade
1355 2628 1417 2690 huc

155 2732 331 2796 translatos
353 2753 434 2799 esse.

258 2859 277 2923 δ
302 2873 350 2938 55.
401 2850 660 2940 διαμαρτάνουσι
699 2856 736 2923 δέ
773 2855 893 2922 πολλοὶ
929 2851 1023 2940 παρδι
1058 2859 1105 2942 τῷ
1140 2860 1262 2944 ποιητῇ
1299 2857 1475 2947 έφεξῆςτι.

157 2961 307 3041 τιθέντες
327 2957 460 3040 τούτους
481 2954 557 3039 τούς
579 2960 722 3041 στίχους·

326 3111 417 3172 σῖτον
440 3099 472 3170 δ’
499 3102 611 3190 αἰδοίη
631 3106 733 3193 ταμίη
756 3106 929 3192 παρέθηκε
951 3107 1106 3191 φέρουσα,

326 3207 443 3277 εἴδατα
465 3207 566 3277 πόλλ’
591 3211 764 3295 ἐπιθεῖσα,
787 3211 982 3297 χαριζομένη
1004 3206 1207 3295 παρεόντων·

326 3312 458 3401 δαιτρὸς
479 3315 517 3381 δὲ
538 3321 654 3401 κρειῶν
676 3315 820 3394 πίνακας
840 3315 1032 3400 παρέθηκεν
1058 3307 1179 3402 διείρας.

156 3462 189 3532 εἰ
214 3459 276 3549 γὰρ
296 3459 413 3528 εἴδατα
435 3461 627 3548 παρέθηκεν
649 3455 669 3548 ἡ
690 3460 804 3543 ταμία,
826 3462 925 3547 δῆλον
948 3454 993 3539 ὡς
1013 3456 1156 3546 κρεάτων
1180 3456 1324 3546 λείψανα
1345 3486 1418 3547 τυγ-

158 3564 308 3652 χάνοντα,
337 3566 393 3634 τὸν
422 3563 555 3652 δαιτρὸν
584 3559 642 3633 ούκ
672 3563 741 3632 ἔδει
771 3567 1011 3655 παρειςφέρειν.
1057 3567 1178 3630 Athen.
1202 3568 1235 3629 V
1258 3590 1289 3649 p.
1318 3586 1375 3648 193
1385 3569 1416 3635 b.

158 3675 209 3740 Cs.
233 3675 379 3737 Eustath.
406 3691 495 3751 1401,
520 3690 569 3750 24,
595 3676 649 3755 qui
671 3672 813 3735 defendit
836 3674 895 3735 hos
917 3694 1035 3735 versus¹

260 3818 280 3882 d
302 3834 353 3898 74.
397 3813 501 3904 Ζηνός
522 3843 588 3884 που
610 3821 746 3884 τοιαῦτα
763 3815 878 3900 δόμοις
893 3814 927 3882 έν
949 3812 1096 3905 κτήματα
1117 3821 1225 3883 κεῖται
1428 3843 1477 3889 22.

157 3946 292 4030 βέλτιον
322 3940 382 4030 γὰρ
412 3941 514 4024 ούτως
541 3944 642 4032 φησὶν
672 3935 688 4010 ό
719 3942 875 4021 Σέλευκος
902 3938 1101 4029 γράφεσθαι.
1138 3938 1351 4026 Ἀρίσταρχος
1381 3941 1418 4007 δέ

158 4045 199 4118 ού
216 4045 352 4129 δεόντως
367 4043 504 4136 γράφει·
531 4045 653 4134 »Ζηνός
675 4073 741 4114 που
756 4047 866 4135 τοιήδε
887 4042 916 4132 γ’
937 4041 1124 4130 Ὀλυμπίου
1146 4044 1282 4113 ἔνδοθεν
1305 4041 1417 4128 αύληι.

159 4149 200 4222 ού
222 4152 283 4241 γὰρ
305 4158 362 4242 τῆς
384 4152 494 4234 οἰκίας
514 4151 552 4222 τὸ
575 4153 696 4234 κάλλος
716 4149 816 4237 μόνον
836 4149 1126 4236 ἀποθαυμάζουσι.
1149 4156 1222 4231 πῶς
1243 4152 1303 4236 γὰρ
1326 4145 1418 4242 ἤλεκ-

156 4285 236 4343 τρον
257 4260 314 4325 καὶ
339 4255 476 4345 άργυρος
494 4261 551 4326 καὶ
573 4258 695 4349 ἐλέφας
718 4258 752 4325 έν
773 4262 844 4337 τοῖς
865 4257 991 4341 τοίχοις
1013 4247 1068 4347 ἧος
1091 4251 1176 4323 ἀλλὰ
1198 4255 1239 4323 τὰ
1261 4259 1320 4342 μέν
1339 4259 1418 4343 περὶ
