3250 4980
722 306 931 372 „23-

194 465 344 543 vitaeque
374 463 525 526 institutis
553 463 751 526 hominum«.
797 461 862 526 Sed
891 471 998 526 cetera
1021 483 1105 545 quae
1133 464 1174 525 de
1197 461 1334 527 Seleuco
1365 464 1453 545 apud

196 567 344 632 Crusium
373 569 529 644 dicuntur,
560 577 646 630 recte
676 588 710 630 se
740 567 870 632 habent.
914 568 1075 650 Imprimis
1104 568 1294 636 vindicanda
1323 569 1352 630 ei
1381 589 1452 632 esse

194 676 314 740 indicat
335 694 374 736 ea
404 673 584 756 proverbia,
618 673 734 755 quibus
761 673 813 736 vel
843 675 884 736 de
907 672 1153 737 Atheniensium
1180 674 1286 755 agitur
1315 674 1454 755 antiqui-

195 781 315 846 tatibus
339 780 400 863 (12.
425 794 474 858 30.
500 779 551 860 34)
561 780 584 859 ¹)
607 778 658 841 vel
681 780 721 842 de
744 779 887 842 moribus
909 779 1120 842 barbarorum
1129 780 1155 862 ²)
1179 781 1240 862 (10.
1258 779 1315 862 48)
1336 778 1388 840 vel
1411 781 1452 845 de

195 885 392 950 mirabilibus
422 883 512 947 factis
522 884 545 966 ³)
575 883 626 947 vel
650 885 690 948 de
713 883 914 948 Hellenismo
943 884 995 947 vel
1025 884 1065 947 de
1088 884 1306 947 Macedonum
1335 883 1454 965 glossis

197 993 236 1074 (3,
263 992 291 1072 5)
322 991 373 1054 vel
403 990 444 1053 de
475 989 570 1053 rebus
598 989 779 1055 Homericis
810 991 873 1072 (46.
910 1007 957 1069 31.
983 991 1029 1053 16.
1058 989 1103 1052 18.
1132 989 1176 1070 6).
1224 989 1343 1052 Omnia
1372 988 1453 1052 haec

194 1105 376 1178 congruunt
398 1116 472 1158 cum
493 1096 614 1170 studiis,
638 1115 721 1176 quae
743 1096 893 1158 novimus
916 1093 1082 1176 Seleuci⁴).
1117 1113 1118 1120 ¹

279 1202 410 1264 Praeter
432 1202 516 1263 hunc
537 1211 705 1264 servantur
734 1201 765 1263 in
790 1221 831 1264 eo
860 1200 942 1264 libro
964 1200 1102 1282 Apionis
1125 1209 1158 1262 et
1179 1200 1303 1264 Nicolai
1326 1201 1450 1264 Dama-

195 1307 282 1368 sceni
311 1305 455 1381 frustula,
485 1307 542 1369 sed
571 1305 703 1369 dubium
734 1315 793 1384 est,
824 1316 929 1369 utrum
954 1327 973 1368 a
995 1305 1204 1381 diasceuasta,
1239 1307 1293 1388 qui
1321 1306 1451 1369 liberius

193 1412 343 1475 tractavit
365 1411 480 1475 librum
503 1432 544 1474 an
566 1411 608 1474 ab
630 1411 702 1492 ipso
724 1411 844 1474 laudati
866 1411 928 1474 sint
951 1409 1096 1474 Seleuco.

281 1515 438 1598 Quamvis
467 1517 562 1598 igitur
591 1518 622 1579 in
652 1518 834 1579 universum
863 1537 936 1578 cum
966 1515 1194 1598 probabilitate
1221 1518 1361 1597 quadam
1391 1517 1452 1578 dici

193 1624 298 1704 possit
320 1621 447 1686 Seleuci
469 1642 540 1684 esse
563 1622 630 1684 eius
654 1621 723 1684 libri
747 1621 999 1706 fundamentum,
1028 1632 1137 1686 tamen
1159 1631 1292 1704 propter
1314 1621 1452 1684 formam

193 1729 262 1792 eius
296 1729 382 1791 varie
419 1735 577 1790 mutatam
607 1725 732 1790 Seleuci
769 1728 869 1791 verba
905 1748 1010 1808 neque
1042 1728 1111 1810 ipse
1145 1729 1249 1791 audeo
1280 1747 1453 1808 segregare

194 1853 299 1914 neque
322 1834 454 1898 omnino
483 1831 551 1896 fieri
581 1832 612 1894 id
634 1852 732 1914 posse
761 1833 921 1896 existimo.
967 1831 1119 1922 Ceterum
1142 1831 1272 1896 Crusius
1302 1852 1362 1894 suo
1384 1832 1451 1894 iure

195 1940 370 2003 coniecisse
391 1939 516 2000 videtur
544 1937 672 2000 titulum
694 1935 858 2023 περὶτῶν
879 1928 963 2022 παρ’
990 1928 1237 2022 Ἀλεξανδρεῦσι
1260 1939 1452 2020 παροιμιῶν

194 2047 365 2108 continuae
395 2044 601 2124 disputationi
630 2044 799 2124 aptiorem
819 2063 889 2109 esse
911 2063 1008 2122 quam
1032 2043 1222 2106 enarrationi
1252 2043 1451 2124 singulorum

193 2150 447 2232 proverbiorum,
472 2149 601 2230 qualem
621 2169 705 2210 nunc
721 2148 873 2230 legimus;
897 2149 1131 2210 diasceuastam
1155 2169 1229 2210 eum
1244 2147 1452 2210 Plutarchum

177 2257 266 2318 “esse
289 2275 353 2316 non
375 2274 472 2336 posse
495 2253 759 2316 Wilamowitzius
780 2254 890 2316 docuit
912 2253 943 2333 (l.
965 2256 1015 2334 ε.)

279 2359 416 2423 Restant
438 2359 508 2422 libri
529 2355 608 2442 napi
630 2355 714 2442 βίων
735 2369 768 2422 et
789 2354 971 2442 Σίμμικτα,
999 2378 1137 2439 quorum
1160 2377 1202 2418 ex
1225 2367 1362 2438 utroque
1384 2363 1450 2422 sin-

192 2466 270 2548 gula
298 2475 425 2530 servata
458 2473 532 2526 sunt
566 2463 753 2544 fragmenta.
806 2465 921 2547 Neque
953 2474 1062 2527 tamen
1095 2463 1268 2544 quicquam
1302 2464 1451 2528 concludi

192 2582 304 2654 potest
335 2593 378 2634 ex
400 2571 446 2634 eis
468 2570 509 2632 de
532 2568 687 2632 librorum
714 2569 830 2632 indole.
875 2570 912 2632 In
934 2570 1015 2632 libro
1038 2571 1123 2631 enirn
1152 2566 1231 2653 περὶ
1252 2565 1335 2651 βίων
1365 2590 1451 2632 com-

193 2679 336 2760 perimus
351 2675 522 2740 Seleucum
541 2675 582 2736 de
596 2676 685 2738 vocis
705 2666 882 2760 Ὁμηρίδαι
905 2674 1107 2756 etymologia
1127 2674 1320 2756 pugnavisse
1340 2685 1453 2738 contra

193 2782 368 2857 Cratetem,
398 2783 456 2844 sed
479 2801 519 2844 ne
541 2780 605 2842 hoc
628 2781 758 2860 quidem
787 2790 897 2861 potest
918 2781 997 2854 dici,
1029 2789 1134 2842 utrum
1155 2781 1207 2842 hic
1225 2799 1357 2860 quoque
1379 2800 1453 2842 om-

193 2891 269 2950 nino
292 2887 523 2966 grammaticae
545 2894 701 2950 tractatae
723 2886 786 2946 siut
808 2886 1012 2967 quaestiones
1040 2906 1081 2948 an
1104 2885 1135 2946 id
1158 2886 1246 2967 quod
1269 2886 1362 2950 nobis
1384 2905 1453 2948 ser-

189 3002 305 3056 vatum
328 3003 377 3056 est
400 2992 490 3073 quasi
513 2991 544 3052 in
567 2990 749 3072 parenthesi
772 3000 897 3053 tantum
920 2991 1028 3054 locum
1051 2991 1206 3053 habuerit.

277 3097 376 3160 ineo
400 3096 591 3178 fragmento
622 3097 710 3178 quod
732 3106 896 3166 servatum
926 3105 975 3158 est
998 3116 1041 3158 ex
1071 3096 1162 3170 libro,
1196 3095 1250 3177 qui
1273 3097 1452 3160 inscribitur

191 3199 365 3285 Σύμμικια
399 3201 446 3284 (fr.
470 3203 535 3282 77),
574 3199 728 3264 Seleucus
760 3202 836 3264 dicit
869 3223 945 3264 aves
970 3200 1212 3282 Stymphalides
1245 3222 1331 3277 esse,
1369 3222 1452 3284 quas

191 3307 388 3390 Apollonius
410 3303 563 3384 πλωίδας
591 3307 743 3389 appellet.
786 3307 876 3388 Ergo
899 3307 1067 3389 Apollonii
1090 3307 1198 3370 locum
1221 3307 1364 3389 explicat
1387 3306 1448 3369 Se-

192 3413 311 3476 leucus.
360 3411 477 3476 Varias
509 3412 591 3475 tales
623 3413 828 3493 quaestiones
860 3413 978 3476 mixtas
1010 3411 1106 3476 fuisse
1139 3414 1170 3475 in
1202 3433 1243 3476 eo
1277 3412 1368 3490 libro,
1404 3435 1448 3476 ex

191 3519 285 3584 titulo
309 3518 422 3582 elucet.

277 3622 450 3705 Ampliora
473 3623 599 3687 Seleuci
622 3622 801 3704 fragmenta
820 3624 962 3705 Bappius
986 3622 1214 3706 (Commentat.
1237 3623 1330 3686 Ribb.
1359 3624 1448 3698 1888,

280 3831 301 3900 ¹)
321 3834 395 3884 Cous.
414 3834 506 3883 librum
525 3835 588 3903 περὶ
606 3835 662 3886 τῶν
679 3827 809 3892 Σόλωνος
826 3827 940 3891 ἀξόνων.

277 3921 299 3987 1)
317 3923 391 3974 Conf.
407 3923 502 3973 Athen.
521 3922 557 3970 lV
578 3932 644 3986 155e
663 3919 706 3986 (de
724 3922 852 3970 Thracum
870 3920 1014 3985 conviviis).

278 4009 299 4076 3)
320 4010 395 4062 Conf.
412 4011 504 4060 librum
522 4013 586 4082 περὶ
605 4011 660 4062 τῶν
677 4009 789 4078 ψευδῶς
806 4013 1043 4077 πεπιστευμένων.

278 4097 301 4164 ⁴)
321 4099 475 4150 Schmidtius
497 4099 533 4165 (p.
557 4099 618 4164 447)
646 4098 707 4147 dicit
725 4099 821 4148 Irenaei
847 4099 911 4149 libro
935 4099 1045 4148 eundem
1063 4098 1163 4148 titulum
1189 4098 1265 4146 fuisse
1288 4104 1364 4162 atque
1391 4099 1451 4148 huic

190 4189 324 4239 Seleuceo.
355 4187 406 4238 Sed
424 4188 491 4238 illius
503 4188 591 4238 titulus
609 4187 655 4237 fuit
673 4187 738 4258 περὶ
756 4185 803 4252 τῆς
821 4187 875 4238 τῶν
892 4183 1092 4259 Ἀλεξανδρέων
1105 4186 1259 4239 διαλέκτου.
1290 4187 1330 4238 Cf.
1348 4188 1446 4253 Haupt,

189 4278 288 4343 Opusc.
308 4277 335 4326 II
353 4293 380 4342 p.
399 4289 458 4339 434.
