3250 4980
737 333 947 410 ..35-

210 498 247 565 τὸ
271 501 404 579 δεινοῦν,
435 499 517 565 λίαν.
562 501 679 563 Verbis
702 496 873 565 ἀπίθανον
896 493 956 586 γάρ
979 496 1044 567 κτέ.
1090 501 1243 566 Seleucus
1266 506 1392 566 videtur
1412 507 1472 568 de-

211 605 340 669 fendere
362 627 492 670 suorum
516 627 591 695 mss,
614 609 846 671 auctoritatem.
881 606 989 687 Quare
1013 607 1148 670 fortasse
1172 608 1269 672 etiam
1285 609 1471 691 Theagenis

213 714 368 774 memoria
391 712 494 774 eidem
517 713 661 803 debetur.

169 833 201 894 9.
299 819 328 878 B
350 830 529 896 405-409.
570 808 689 901 όίριστα
716 819 756 902 τῇ
784 812 875 896 τάξει
906 809 923 883 5
953 811 1172 901 πρεσβύτερος
1200 817 1256 881 καί
1288 811 1472 900 σύμβουλος

212 923 342 1002 πρῶτος
364 921 530 986 καλεῖται·
564 921 712 1008 δεύτερος
737 913 924 1002 Ἰδομενεὺς,
950 922 1006 986 καὶ
1030 909 1123 1009 οὗτος
1142 915 1224 987 καθ’
1247 915 1388 1011 ἡλικίαν,
1411 925 1470 990 καὶ

213 1018 263 1090 δτι
292 1027 355 1089 τῶν
383 1018 561 1110 Ἀτρειδῶν
595 1025 700 1111 γόνος·
735 1025 842 1109 τρίτος
876 1027 912 1092 δέ
942 1022 1052 1108 Α’ίας,
1087 1023 1137 1094 ότι
1170 1018 1303 1113 όίριστος
1336 1017 1374 1118 ἰγν
1406 1035 1471 1094 τῶν

207 1121 367 1215 Ἑλλήνιον
395 1124 466 1212 μετ’
494 1128 660 1212 Ἀχιλλέα,
690 1133 748 1198 καί
770 1126 787 1198 5
810 1128 946 1217 Λοκρὸς
975 1130 1033 1198 σὺν
1056 1127 1151 1219 αἰπῷ,
1183 1127 1234 1199 ὅτι
1265 1128 1339 1198 ’ίσον
1361 1133 1471 1216 θυμὸν

213 1231 338 1315 ἔχοντες
355 1236 404 1318 (Ν
417 1240 506 1318 704)
528 1237 682 1319 πέμπτος
697 1237 877 1323 Διομήδης,
900 1235 1090 1324 τῴκΑίάντι
1112 1231 1186 1304 κατ>
1207 1231 1308 1324 άλκὴν
1323 1237 1471 1326 δεύτερος

214 1331 267 1406 όίν.
298 1338 389 1420 ἐκτος
414 1337 600 1422 Ὀδυσσεὺς,
626 1335 684 1424 οόχ
709 1336 751 1421 ὡς
772 1345 837 1407 τῶν
858 1344 1102 1428 προειρημένων
1124 1338 1228 1430 ἥττων
1251 1345 1337 1427 (πῶς
1367 1341 1427 1429 γὰρ
1452 1339 1470 1412 5

217 1444 356 1528 »βουλάς
377 1441 406 1511 τ’
433 1443 577 1532 ἐξάρχων
599 1443 732 1532 ἀγαθάς
753 1443 900 1529 πόλεμόν
920 1473 955 1513 τε
977 1446 1161 1531 κορύσσωνι
1190 1452 1300 1532 (273)),
1325 1444 1399 1514 ἀλλ’
1426 1445 1471 1530 ὡς

212 1553 339 1633 μᾶλλον
369 1548 466 1618 αἰετὸν
495 1554 602 1637 φιλῶν
630 1556 669 1629 (Β
693 1553 804 1639 φίλον)
835 1554 992 1636 παρεῖδεν
1021 1547 1038 1618 ό
1064 1546 1285 1638 Ἀγαμέμνων,
1323 1553 1378 1621 τὸν
1408 1552 1470 1641 γὰρ

214 1659 253 1740 (Β
271 1659 321 1740 δέ)
337 1649 480 1744 ἀδελφὸν
504 1655 581 1724 οὐδὲ
604 1653 763 1740 ἐκάλεσεν,
788 1653 859 1723 ἀλλ’
888 1651 1072 1739 αὐτόματος
1094 1651 1212 1745 ἦλθεν·
1242 1661 1350 1726 Schol.
1375 1663 1410 1726 B.
1429 1663 1470 1727 T.

412 1757 594 1844 αὐτόματος
617 1763 654 1830 δέ
676 1762 707 1830 οί
732 1753 817 1854 ἦλθε
838 1763 918 1848 βοὴν
941 1757 1070 1848 ἀγαθὸς
1092 1765 1273 1842 Μενέλαος.

215 1869 311 1952 δῆλον
334 1864 404 1953 γὰρ,
430 1861 473 1947 ὡς
495 1860 568 1934 οἰίτε
590 1863 734 1959 άδελφδν
757 1861 830 1934 οἰίτε
853 1869 967 1953 γονέας
990 1861 1062 1934 οἰίτε
1084 1874 1222 1954 γυναῖκα
1244 1871 1378 1956 κλητέον
1401 1863 1470 1937 οἰίτ>

215 1969 316 2050 εἴτις
346 1969 503 2054 ἰσοτίμως
525 1970 709 2056 (ἰσοτίμους
730 1977 822 2042 Eust.
847 1990 918 2054 247.
946 1977 995 2056 12)
1019 1971 1110 2053 τινὰς
1138 1973 1265 2054 τούτοις
1293 1968 1383 2060 όίγει·
1414 1977 1472 2041 καί

214 2073 275 2163 γὰρ
298 2070 339 2142 όίν
361 2073 486 2163 ψυχρόν
513 2073 565 2165 ε’ίη
595 2079 653 2144 καὶ
684 2071 813 2164 όίφιλον.
844 2078 953 2144 καίτοι
983 2081 1069 2158 τινές
1099 2079 1210 2162 στίχον
1239 2082 1473 2166 προςέγραψαν

213 2183 270 2268 τὴν
298 2180 409 2248 αἰτίαν
440 2183 672 2268 προςτιθέντες
698 2187 784 2266 (409)
811 2175 904 2272 »ᾔδεε
927 2181 987 2269 γὰρ
1011 2181 1093 2250 κατὰ
1116 2183 1225 2268 θυμὸν
1247 2178 1405 2272 ἀδελφεόν
1428 2181 1473 2264 ὡς

215 2287 396 2372 ἐπονεῖτοι,
427 2281 538 2373 ὥσπερ
568 2289 642 2354 δέον
674 2282 724 2372 (δν
748 2292 821 2357 add.
846 2291 885 2374 C)
917 2287 1025 2356 εἰπεῖν
1055 2287 1166 2356 αἰτίαν
1189 2289 1310 2374 (αἰτίαν
1340 2315 1404 2357 om.
1428 2293 1469 2366 A,

214 2396 287 2457 add.
312 2393 347 2468 C,
381 2393 453 2456 fort.
484 2393 592 2458 εἰπεῖν
622 2390 679 2461 διὰ
708 2393 742 2459 τί
764 2397 882 2478 Κείο.)
916 2388 962 2462 δι’
987 2385 1026 2484 ἢν
1056 2391 1199 2482 ἀδελφὸς
1229 2388 1411 2479 αὐτόματος
1433 2389 1472 2460 ἰίν

215 2496 290 2580 η’κοι
313 2494 398 2582 πρὸς
422 2500 556 2565 δεῖπνον
584 2494 676 2584 [οὐδὲ
698 2502 771 2563 add.
796 2501 943 2586 Wilam]
967 2504 1115 2587 πιθανῆς
1136 2505 1192 2588 τῆς
1214 2499 1326 2580 αἰτίας
1348 2497 1471 2568 άποδι-

217 2605 361 2688 δομένης.
394 2602 533 2688 πότερον
565 2601 625 2690 γάρ
656 2626 757 2693 φησιν
781 2597 824 2684 εἰς
853 2599 910 2671 οὐκ
938 2598 1011 2694 ᾔδει
1040 2603 1097 2672 τὸν
1125 2603 1268 2693 άδελιγδν
1298 2604 1473 2690 ἐστιῶντος

215 2709 272 2774 καί
303 2711 375 2786 πῶς
403 2702 441 2772 οὗ
470 2711 607 2793 γελοῖον,
640 2703 742 2776 ὁπότε
769 2708 953 2799 περιφανὴς
982 2699 1020 2798 ἦν
1049 2704 1069 2798 ἡ
1099 2712 1268 2794 βουθυσία
1297 2713 1355 2778 καὶ
1385 2717 1471 2779 πᾶσι

216 2812 392 2898 γνώριμος;
422 2817 495 2892 πῶς
518 2807 548 2878 δ’
575 2807 614 2878 όίν
636 2803 748 2904 ἦλθεν,
772 2813 802 2880 εἰ
824 2814 869 2904 μὴ
892 2807 984 2902 ᾔδει,
1012 2807 1032 2902 ἰ)
1055 2809 1093 2904 νι)
1116 2818 1185 2882 Δία
1208 2813 1470 2901 περισπώμενον,

216 2917 326 3007 φησίν,
350 2909 447 2983 αἰτόν
469 2914 565 2996 εἰδὼς
580 2919 821 3002 συνεγνωμόνει,
846 2913 897 2987 ότι
919 2913 965 3007 με)
979 2919 1115 3007 κέκληκε
1138 2923 1196 2987 καὶ
1221 2927 1277 3009 (τῷ
1298 2919 1344 3010 μὴ
1359 2927 1471 3010 κεκλη-

214 3025 307 3089 κέναι
333 3025 374 3087 Α.
398 3046 478 3088 corr.
503 3025 612 3108 Kaib.)
644 3022 967 3116 συμπεριφερόμενος
996 3015 1098 3112 ἦλθεν
1127 3020 1324 3111 αότόματος;
1361 3023 1471 3114 ὥσπερ

216 3123 232 3194 5
256 3127 363 3214 φήσας
391 3123 531 3214 όίκλητον
560 3125 660 3218 ἣκειν,
689 3129 811 3220 ἵναμὴ
841 3130 972 3215 πρωίας
993 3123 1234 3214 ὑποβλέπωσιν
1257 3128 1424 3220 ἀλλήλους,
1455 3131 1472 3202 5

213 3234 273 3316 μέν
296 3231 488 3316 αἰδούμενος
511 3227 582 3299 δδέ
604 3234 820 3324 μεμφόμενος.
844 3230 930 3304 ἀλλὰ
949 3238 1077 3322 γελοῖον
1098 3228 1138 3327 ἦν
1161 3236 1395 3306 ἐπιλαθέσθαι
1417 3238 1472 3306 τὸν

217 3337 443 3424 Ἀγαμέμνονα
473 3342 531 3404 τοῦ
558 3335 712 3428 ἀδελφοῦ,
742 3344 798 3408 καὶ
820 3347 920 3409 ταῦτα
951 3337 996 3410 δι)
1024 3342 1148 3409 ἐκεῖνον
1180 3338 1216 3409 οό
1246 3341 1344 3426 μόνον
1367 3343 1414 3423 εἰς
1435 3341 1471 3412 τὸ

215 3441 322 3528 παρὸν
344 3440 477 3523 θύοντα,
502 3438 587 3508 ἀλλὰ
609 3442 740 3510 καὶτὸν
763 3443 908 3529 πόλεμον
927 3443 1191 3534 ἀναδεδεγμένον,
1213 3449 1268 3514 καί
1293 3449 1472 3536 κεκληκότα

214 3544 289 3626 τοὺς
310 3548 389 3634 μήτε
412 3548 496 3632 γένει
519 3547 741 3634 προςήκοντας
762 3552 842 3633 μήτε
864 3552 1002 3636 πατρίδι
1026 3554 1345 3640 προςιμκειωμένονς.
1370 3551 1472 3640 Ἀθη-

214 3655 328 3738 νοκλης
352 3647 383 3718 δ’
411 3646 428 3718 δ
452 3649 633 3737 Κυζικηνός
654 3657 780 3736 μᾶλλον
803 3653 1019 3744 Ἀριστάρχου
1041 3657 1233 3725 κατακούων
1254 3664 1318 3726 τῶν
1339 3653 1472 3746 Ὁμηρι-

215 3761 280 3823 κιῦν
308 3757 397 3823 ἐπῶν
426 3753 714 3843 εὐπαιδευτότερον
745 3758 823 3849 ἡμῖν
852 3784 934 3849 φησι
963 3767 1077 3828 τοῦτον
1100 3757 1245 3850 Ὅμηρον
1273 3767 1472 3831 καταλιπεῖν

215 3865 323 3946 (τοῦτο
347 3858 494 3949 Ὅμηρον
524 3867 720 3931 καταλιπεῖν
751 3859 958 3953 (ὑπονοῆσαι)
988 3869 1140 3950 Wilan1.),
1174 3861 1240 3954 ὅση)
1263 3865 1321 3952 (ὡς
1344 3873 1388 3952 Α)
1418 3874 1472 3957 τῆς

214 3964 356 4055 ἀνάγκης
378 3962 395 4036 5
419 3969 594 4049 Μενέλεως
624 3970 830 4055 οἰκειοτέρως
859 3964 944 4053 εἶχεν
966 3969 1065 4055 (ἐχειν
1086 3974 1142 4058 Α).
1188 3973 1375 4060 Δημήτριος
1397 3971 1428 4040 δ’
1454 3969 1471 4040 5

215 4070 383 4160 Φαληρεὺς
404 4073 620 4162 ἐπαρίστερον
640 4073 697 4162 την
711 4081 769 4143 τοῦ
791 4076 903 4158 στίχου
918 4074 1117 4162 παράληψιν
1136 4076 1286 4144 ἐπειπιδν
1302 4073 1472 4163 (δπειποίν

213 4181 397 4261 Dobraeus)
412 4180 469 4246 καί
486 4183 542 4267 τῆς
557 4180 721 4268 ποιήσεως
742 4178 918 4263 ἀλλοτρίαν
934 4177 1118 4269 (ἀλλότριον
1136 4185 1190 4266 Α),
1214 4180 1269 4250 τὸν
1295 4177 1387 4274 »ᾔδεε
1410 4181 1473 4271 γὰρ

215 4280 299 4348 κατὰ
315 4283 422 4369 θυμὸν
445 4279 605 4375 άδελφεδν
621 4280 664 4365 ὡς
687 4285 855 4353 ἐπονεῖτοκ
875 4287 1092 4372 μικρολογίαν
1107 4285 1283 4374 ἐμβάλλειν
1299 4288 1472 4375 (ἐμβάλλει
