3250 4980
705 367 895 427 ..9-

168 519 239 599 egit
252 517 426 590 Diodorus,
451 536 525 578 nam
540 515 611 579 finis
634 527 684 578 est
701 517 828 580 illorum
846 520 968 581 dierum
984 513 1034 601 (τὸ
1050 518 1149 608 λῆγον
1163 515 1292 602 αὐτῶν).
1318 519 1429 582 Verba

170 643 257 704 quae
289 631 467 702 sequuntur
500 616 567 686 »ἔτι
592 619 629 687 δὲ
651 620 709 686 καὶ
731 618 768 688 τὸ
791 620 894 688 ἕωλον
920 623 977 709 τῆς
1006 622 1213 706 συμποσίαςι
1240 643 1315 687 eum
1343 623 1429 687 diem

169 726 350 809 significare
379 726 480 790 voluit
502 725 694 807 Schweigh,
724 727 780 807 qui
808 728 952 807 sequitur
979 730 1138 811 nuptiales
1166 729 1278 812 epulas
1307 737 1340 792 et
1363 749 1429 811 quo

170 833 259 895 venit
274 831 500 896 Telemachus
536 830 661 913 Quodsi
684 833 729 894 sic
745 833 946 914 explicamus
961 834 1069 909 verba,
1093 854 1159 896 non
1176 834 1329 912 intellego
1352 834 1429 896 illud

168 931 222 1003 ἔτι
252 935 289 1000 δὲ
319 933 387 1001 καί.
430 937 536 999 Immo
566 956 643 1001 vero
673 956 738 999 non
766 937 851 1000 idern
880 947 930 1002 est
957 932 995 1004 τὸ
1025 933 1127 1004 ἕωλον
1155 940 1212 1024 τῆς
1239 936 1430 1019 συμποσίας

170 1052 269 1122 atque
297 1036 336 1106 τὸ
358 1040 457 1130 λῆγον
478 1033 592 1121 αὐτῶν,
622 1042 679 1105 sed
709 1063 830 1106 novum
859 1043 1026 1116 inducitur,
1056 1063 1132 1106 nam
1161 1038 1211 1108 ἔτι
1234 1040 1350 1108 δὲκαὶ
1380 1052 1430 1105 est

174 1147 307 1210 «deinde
329 1147 458 1210 etiam«.
503 1146 619 1229 Neque
642 1147 737 1228 igitur
757 1145 931 1229 συμποσία
956 1156 1031 1210 sunt
1053 1147 1168 1230 epulae
1191 1148 1348 1230 nuptiales
1370 1151 1428 1210 sed

168 1244 278 1342 ἡτῶν
306 1250 385 1335 περὶ
414 1250 613 1337 Τηλέμαχον.
657 1253 784 1316 Erravit
813 1262 923 1316 autem
951 1253 1126 1327 Diodorus,
1158 1255 1246 1334 quod
1275 1245 1352 1319 ὅλον
1372 1249 1430 1319 τὸν

170 1351 276 1442 γσίμον
296 1358 424 1425 delevit
469 1355 522 1420 Sic
545 1358 630 1420 enim
652 1379 703 1421 vv.
727 1356 821 1422 6621
840 1378 889 1439 sq.
914 1378 978 1421 non
1007 1359 1243 1441 intelleguntur,
1275 1361 1428 1441 quoniam

170 1484 201 1526 v.
226 1463 278 1542 63
302 1463 411 1536 deest,
443 1464 497 1545 qui
519 1461 637 1525 indicat
657 1463 734 1525 illud
756 1464 948 1528 convivium.
978 1464 1129 1546 Apparet
1151 1465 1246 1546 igitur
1269 1463 1429 1527 Athenaei

168 1578 339 1632 auctorem
361 1566 546 1631 referendos
568 1587 640 1631 esse
662 1570 825 1650 putavisse
848 1589 877 1631 v.
903 1568 1064 1653 d6z1sq.
1088 1571 1130 1633 ad
1152 1591 1182 1632 v.
1206 1569 1269 1648 03.
1307 1569 1429 1651 Proprii

171 1674 353 1756 nuptiarum
375 1674 444 1736 dies
466 1674 707 1755 praeterierunt.
746 1674 861 1738 Restat
883 1676 982 1738 modo
1005 1695 1103 1738 unum
1125 1675 1316 1751 convivium,
1340 1675 1430 1756 quod

168 1779 319 1862 quamvis
341 1787 417 1859 post
439 1779 567 1861 nuptias
589 1789 699 1842 tamen
722 1799 833 1841 earum
855 1799 952 1843 causa
973 1779 1162 1844 celebratur.

255 1884 339 1947 Illud
368 1893 476 1948 autem
506 1885 612 1967 ipsum
641 1885 832 1959 convivium,
862 1885 912 1948 cui
942 1885 1074 1948 interest
1094 1883 1320 1960 Telemachus,
1352 1884 1428 1951 nihil

171 2009 345 2053 commune
367 1988 466 2054 habet
488 2011 562 2053 curn
585 1990 645 2052 illis
667 1991 795 2071 nuptiis
841 1989 888 2052 At
910 1999 1020 2052 tamen
1042 1990 1179 2071 legimus
1201 2010 1232 2072 p.
1260 1989 1363 2052 188b:
1386 1985 1429 2053 τὰ

168 2095 210 2161 dd
237 2088 396 2179 μειράκια
423 2089 464 2160 τὰ
487 2088 530 2174 ὡς
558 2089 615 2162 τὸν
636 2093 810 2161 Μενέλαον
839 2092 1097 2180 παραγενόμενα,
1127 2089 1331 2179 ὃΝίστορος
1360 2088 1431 2171 υίὸς

171 2199 229 2264 καί
260 2193 278 2264 ὁ
305 2199 511 2284 Τηλέμαχος,
549 2197 584 2265 ἐν
616 2195 695 2287 οίνῳ
728 2192 817 2278 ’ὄντας
847 2197 905 2263 καί
936 2195 977 2263 ἒν
1005 2203 1171 2286 γαμικῷ
1204 2198 1428 2285 συμποσίῳ

169 2302 395 2390 διατρίβοντος
415 2300 472 2372 uri
481 2310 514 2387 ¹).
559 2305 620 2368 Ηίσ
648 2307 744 2388 igitur
773 2299 913 2389 γαμικόν
934 2301 1120 2388 συμπόσιον
1148 2307 1329 2368 nominatur
1351 2305 1429 2367 illud

168 2411 369 2474 convivium„
398 2409 488 2492 Ergo
510 2411 572 2474 hoc
588 2432 651 2474 non
675 2410 717 2474 ab
739 2412 856 2474 eodem
872 2421 1066 2492 conceptum
1089 2431 1160 2475 esse
1178 2420 1429 2474 consentaneum

167 2525 231 2596 est.
277 2516 331 2578 An
354 2526 449 2597 putas
472 2537 570 2579 unum
592 2517 797 2596 eundemque
823 2525 856 2578 et
878 2536 990 2578 versus
1012 2517 1093 2590 illos,
1125 2517 1240 2597 quibus
1263 2524 1376 2578 cantus
1398 2526 1430 2576 et
1466 2501 1468 2507 ’

168 2622 300 2685 saltatio
329 2620 559 2696 describuntur,
592 2621 719 2703 spurios
747 2641 819 2684 esse
847 2630 971 2701 putare,
1005 2623 1093 2702 quod
1124 2642 1188 2684 non
1217 2623 1259 2684 sit
1288 2621 1430 2702 nuptiale

169 2727 355 2791 convivium
376 2736 409 2788 et
439 2727 543 2788 mirari
567 2728 696 2788 iuvenes
725 2728 756 2788 in
779 2727 896 2789 eodem
926 2727 1073 2789 convivio
1095 2727 1285 2809 tranquillos
1307 2727 1428 2800 sedere,

169 2834 319 2914 quamvis
340 2828 375 2895 ἐν
391 2832 522 2916 γαμικῷ
536 2827 713 2916 συμποσίῳ
733 2828 983 2914 διατρίβονταςῖ
1012 2832 1120 2894 Etiam
1142 2833 1172 2894 id
1188 2831 1336 2895 concludi
1357 2839 1430 2912 pot·

168 2947 221 3001 est
242 2937 329 2999 illam
360 2937 392 2999 in
413 2936 640 2999 Aristarcheos
662 2936 913 3016 disputationem
942 2956 982 2998 ne
1013 2946 1178 3018 receptam
1206 2937 1336 3018 quidem
1359 2955 1430 2998 esse

169 3043 214 3108 ab
236 3042 399 3105 Herodico
430 3044 460 3104 in
490 3062 581 3104 suam
612 3041 832 3103 conviviorum
861 3041 1118 3124 descriptionem.
1163 3042 1248 3104 Nam
1277 3041 1431 3104 Herodici

169 3157 230 3224 est,
254 3148 280 3210 si
303 3147 489 3230 quidquam,
518 3146 595 3209 illud
622 3141 664 3210 τὰ
686 3145 724 3211 δὲ
744 3141 900 3230 μοιροίκια
920 3140 994 3222 καί,
1024 3147 1098 3226 quia
1120 3156 1329 3228 opponuntur
1350 3145 1430 3209 haec

170 3253 271 3316 verba
299 3253 354 3326 eis,
386 3272 469 3333 quae
498 3253 539 3315 de
567 3251 708 3314 Platonis
733 3261 766 3314 et
794 3251 1021 3334 Xenophontis
1049 3253 1244 3334 turpitudine
1273 3253 1428 3316 dicuntur.

170 3359 287 3439 Neque
314 3367 424 3440 potest
453 3357 588 3438 cogitari
616 3377 714 3420 unum
740 3358 939 3420 Herodicum
968 3367 1036 3420 tam
1066 3359 1226 3420 contraria
1255 3358 1429 3432 miscuisse,

169 3465 296 3528 etiamsi
325 3464 461 3526 alterum
492 3463 619 3526 aliunde
649 3463 861 3544 deprompsit.
906 3462 996 3544 Ergo
1026 3461 1216 3526 Athenaeus
1243 3463 1312 3545 ipse
1342 3463 1429 3526 illam

171 3568 350 3632 Aristarchi
373 3569 655 3650 reprehensiqnem
679 3568 783 3631 intulit
805 3569 837 3630 in
859 3568 1050 3631 Herodicea.
1084 3567 1156 3649 Jam
1178 3569 1430 3650 circumspicien-

170 3677 259 3750 dum,
282 3676 366 3738 unde
389 3673 579 3736 Athenaeus
601 3675 775 3756 sumpserit
797 3693 869 3735 eam
892 3693 997 3754 neque
1019 3673 1073 3736 diu
1095 3675 1325 3757 quaerendum,
1355 3693 1430 3736 nam

171 3780 273 3844 altera
288 3778 568 3842 Aristarcheorum
584 3778 791 3860 compellatio
814 3788 943 3842 nostrae
958 3778 1118 3841 simillima
1141 3799 1206 3841 non
1226 3779 1323 3861 longe
1338 3779 1431 3842 abest

173 3906 206 3969 p.
234 3884 318 3948 188f
328 3905 388 3965 sq,
418 3883 469 3946 cui
491 3881 617 3946 Seleuci
640 3904 759 3946 nomen
780 3885 966 3966 appositum
989 3893 1047 3946 est.
1093 3883 1207 3965 Neque
1227 3884 1323 3965 igitur
1342 3883 1430 3946 dubi·

256 4057 278 4124 ¹)
301 4059 375 4110 Com'.
397 4077 423 4124 p.
448 4057 526 4123 185b.
568 4059 638 4128 φησὶ
662 4053 690 4108 ‹5‘
710 4051 760 4110 οὖν
780 4054 795 4109 ὁ
815 4053 933 4124 ποιητὴς
956 4061 1021 4129 περὶ
1039 4067 1090 4110 τοῦ
1108 4053 1259 4112 Μενελάου
1277 4056 1326 4110 τὸν
1344 4056 1430 4125 λόγον

171 4144 345 4218 ποιούμενος
366 4147 396 4214 (δ
409 4146 448 4213 3)·
470 4141 532 4200 ’τὸν
553 4143 582 4198 δ’
609 4137 694 4217 εὗρον
715 4143 852 4200 δαινύντα
876 4141 971 4218 γάμον
997 4149 1144 4200 πολλοῖσιν
1168 4148 1260 4219 ἔτῃσιν
1284 4148 1357 4206 υἱέος
1379 4144 1430 4212 ἡδὲ

170 4232 316 4306 θυγατρὸς
341 4230 490 4307 ἀμύμονος
515 4221 536 4303 ᾧ
563 4235 606 4289 ἐνί
633 4229 716 4302 οἴματ’,
744 4231 781 4294 ὠς
805 4233 968 4306 νενόμισται
994 4231 1074 4305 ἄγειν
1102 4229 1248 4306 συμπόσια
1274 4237 1339 4306 περὶ
1365 4235 1430 4296 τοὺς

171 4319 284 4394 γάμους
302 4324 358 4377 τῶν
378 4342 407 4378 τε
425 4324 573 4396 γαμηλίων
589 4325 664 4376 θεῶν
681 4323 760 4377 ἕνεκα
779 4327 827 4376 καὶ
844 4326 893 4390 τῆς
913 4327 1001 4380 οἱονεὶ
1017 4330 1182 4394 μαρτυρίας.
