3250 4980
584 386 918 449 .-19-

178 543 312 604 scholiis
345 549 472 604 servata
504 549 578 603 sunt
611 561 653 602 ex
686 539 774 602 libris
803 540 857 621 qui
887 539 1100 600 inscribuntur
1129 535 1330 620 προτατικὸν
1359 534 1445 623 πρὸς

179 642 353 729 Πολύβιον
374 655 407 710 et
428 638 631 732 προτατικὸν
653 639 737 728 πρὸς
752 641 896 730 Ζήνωνα.
933 643 1045 723 Atque
1068 641 1121 704 hic
1142 643 1289 705 videmus
1312 663 1354 706 ex
1377 664 1441 706 uno

177 753 335 835 exemplo
363 753 461 814 etiam
488 750 727 832 mythologicas
758 749 881 813 fabulas
911 769 976 812 non
1005 747 1124 812 alienas
1154 748 1183 810 ei
1212 746 1318 822 fuisse,
1352 749 1441 830 quod

178 859 283 923 schol.
300 858 374 920 nub.
396 871 472 936 1005
498 855 546 936 (fr.
564 857 616 939 73)
640 856 775 919 verbum
796 852 898 940 μυρία
920 854 1063 936 explicat
1085 874 1128 918 ex
1151 851 1259 917 fabula
1281 855 1322 918 de
1336 854 1443 918 Halir-

181 963 300 1027 rhothii
322 970 427 1024 morte
450 969 586 1024 narrata.

269 1068 426 1149 Tragicos
449 1075 564 1148 poetas
586 1087 606 1129 a
626 1065 763 1130 Seleuco
793 1064 960 1147 neglectos
982 1083 1054 1126 esse
1075 1063 1131 1126 vix
1159 1064 1310 1128 credibile
1338 1074 1389 1128 est
1411 1075 1444 1129 et

180 1175 310 1236 videtur
338 1172 402 1236 huc
432 1172 634 1234 referendum
663 1193 735 1236 esse
765 1171 982 1252 fragmentum
1004 1168 1047 1232 ab
1069 1169 1248 1233 Heliodoro
1269 1179 1442 1247 servatum,

181 1279 275 1359 quod
296 1279 337 1341 de
361 1299 394 1340 re
414 1277 548 1340 metrica
570 1276 728 1358 Aeschyli
750 1287 783 1340 et
806 1274 978 1357 Sophoclis
999 1273 1068 1355 agit
1090 1273 1138 1354 (fr.
1164 1275 1227 1358 34).

268 1381 553 1464 Quemadmodum
589 1383 707 1464 lyricos
737 1391 851 1464 poetas
880 1380 1065 1443 tractaverit
1096 1377 1265 1456 SeleucuS,
1308 1401 1351 1444 ex
1379 1402 1443 1445 uno

181 1487 368 1570 fragmento
401 1487 587 1569 intellegere
618 1509 808 1570 possumus,
844 1486 932 1569 quod
965 1485 1156 1548 Athenaeus
1189 1487 1327 1549 servavit
1363 1487 1382 1549 l.
1412 1487 1444 1548 X

180 1615 215 1677 p.
239 1593 395 1672 430a-d
426 1591 473 1674 (fr.
497 1595 560 1674 79).
605 1591 724 1673 Agitur
752 1592 793 1654 de
823 1591 938 1654 Alcaei
966 1611 1078 1652 versus
1108 1585 1197 1674 ἔγχεε
1224 1588 1354 1675 κέρναις
1383 1587 1440 1656 ἕνα

181 1697 242 1764 καὶ
265 1695 324 1763 δύο
346 1699 618 1779 interpretatione,
641 1717 707 1778 quo
731 1696 927 1760 Chamaeleo
948 1694 1085 1778 putabat
1114 1694 1221 1780 λέγειν
1243 1689 1341 1762 αὐτόν
1363 1697 1441 1776 (scil.
1468 1751 1470 1758 .

184 1797 380 1886 Ἀλκαῖον).
399 1855 405 1870 .
424 1793 630 1891 σωφρονικὸν
652 1793 729 1867 άντα
751 1794 833 1866 καθ’
859 1798 916 1866 ἕνα
938 1797 1064 1866 κύαθον
1087 1792 1229 1885 άκρατον
1252 1799 1361 1868 πίνιιν
1382 1799 1441 1867 καὶ

181 1907 287 1976 πάλιν
316 1905 399 1972 κατὰ
433 1901 501 1976 dv'o.
547 1907 613 1971 Sed
642 1909 751 1971 statim
782 1907 938 1970 refutatur
966 1906 1046 1968 haec
1074 1905 1335 1971 Chamaeleontis
1368 1927 1442 1970 sen-

181 2017 293 2083 tentia.
326 2014 458 2076 Minime
474 2015 559 2076 enim
574 2013 718 2076 sobrium
741 2013 837 2076 fuisse
854 2011 1013 2076 Alcaeum
1036 2012 1136 2074 immo
1151 2014 1308 2076 vinosum.
1345 2012 1444 2094 Quod

183 2131 220 2184 ut
242 2123 479 2182 demonstretur
502 2140 544 2181 ex
560 2118 674 2182 Alcaei
697 2119 796 2200 ipsius
818 2118 1012 2181 carminibus
1034 2116 1210 2180 afferuntur
1232 2119 1303 2194 loci,
1325 2120 1441 2200 quibus

180 2230 226 2288 ad
257 2225 432 2288 bibendum
462 2226 571 2287 incitat
602 2234 709 2306 poeta.
761 2224 886 2286 Deinde
922 2223 1082 2304 pergitur:
1124 2226 1197 2301 πῶς
1226 2211 1284 2290 οὖν
1311 2219 1445 2308 ἔμελλεν

183 2323 288 2396 άέπὶ
309 2331 465 2395 τοσοῦτον
492 2327 678 2418 φιλοπότης
706 2324 868 2414 νηφάλιος
895 2321 983 2393 εἶναι
1012 2325 1071 2392 καὶ
1102 2325 1184 2391 καθ’
1212 2325 1268 2393 ἕνα
1297 2328 1354 2394 καὶ
1386 2324 1444 2395 δύο

183 2429 332 2514 κυάθους
354 2433 463 2500 πίνειν
470 2462 480 2514 ,·
504 2430 583 2500 airh
606 2436 682 2518 γοῦν
695 2429 734 2500 τὸ
755 2429 965 2518 ποιημάτιον,
988 2432 1073 2518 φησὶ
1094 2432 1260 2514 Σέλευκος,
1289 2426 1445 2519 ἀντιμαρ-

180 2542 273 2626 τυρεῖ
301 2543 371 2618 τοῖς
400 2534 502 2616 οὕτως
531 2536 773 2620 ἐκδεχομένοις·
805 2536 888 2627 φησὶ
917 2534 994 2623 γάρ·
1029 2535 1193 2620 πίνωμεν·
1221 2537 1254 2604 τί
1282 2535 1324 2603 τὰ
1352 2534 1440 2620 λύχν’

181 2637 363 2729 ὀμμένομεν
392 2639 456 2708 κτὲ.
499 2641 556 2708 ἕνα
586 2640 670 2728 πρὸς
699 2638 758 2710 δύο
788 2646 893 2730 ῥητῶς
919 2639 1069 2728 κιρνάναι
1099 2637 1246 2711 κολούων.
1291 2645 1443 2726 Apparet

181 2753 289 2833 igitur,
328 2750 416 2831 quod
452 2751 515 2812 iam
553 2749 712 2812 Brunkius
749 2751 830 2813 vidit
860 2751 890 2832 (l.
921 2771 948 2814 c.
984 2771 1015 2832 p.
1042 2751 1103 2831 37).
1156 2748 1444 2812 Chamaeleontem

181 2856 274 2920 citari
311 2877 330 2918 a
368 2854 504 2917 Seleuco
544 2864 712 2938 totamque
749 2857 789 2918 de
826 2856 889 2918 hoc
925 2855 1040 2918 Alcaei
1083 2855 1157 2918 loco
1194 2855 1444 2936 disputationem

181 2982 257 3025 esse
293 2959 426 3025 Seleuci.
485 2959 551 3023 Sed
591 2981 689 3042 porro
730 2961 934 3042 progreditur
972 2960 1148 3038 BrunkiuS‚
1191 2980 1256 3042 quo
1294 2961 1443 3042 equidem

183 3067 278 3148 sequi
300 3087 374 3129 eum
399 3066 506 3129 nolim.
548 3066 660 3148 Atque
690 3076 776 3128 recte
801 3067 880 3129 vidit
909 3067 941 3128 in
967 3067 1083 3129 eodem
1108 3065 1189 3128 libro
1213 3086 1245 3146 p.
1268 3063 1356 3142 428i
1379 3085 1445 3128 non

182 3172 292 3236 solum
324 3171 495 3253 Sophoclis
528 3173 568 3235 de
599 3172 768 3253 Aeschylo
797 3171 1043 3252 apophthegma
1073 3170 1333 3234 Chamaeleontis
1362 3191 1442 3244 esse,

183 3281 244 3342 sed
266 3278 389 3352 omnia,
418 3297 500 3357 quae
531 3299 570 3340 eo
600 3277 674 3342 loco
703 3280 745 3341 de
768 3273 937 3357 Aeschylo
967 3277 1124 3340 dicuntur.
1169 3277 1260 3338 Idem
1289 3276 1367 3338 vidit
1395 3276 1445 3338 his

183 3383 300 3449 similia
322 3384 351 3446 in
374 3383 478 3464 primo
500 3383 582 3446 libro
604 3391 716 3446 extare
738 3403 772 3464 p.
799 3397 863 3462 17c
885 3391 918 3444 et
940 3402 971 3463 p.
996 3398 1072 3457 zze,
1104 3401 1187 3462 quae
1210 3391 1243 3443 et
1265 3381 1334 3461 ipsa
1357 3379 1444 3444 Cha·

185 3489 357 3552 maeleonti
385 3490 461 3550 dare
484 3489 550 3552 iure
573 3509 638 3552 non
661 3487 795 3550 dubitat.
841 3487 967 3549 Tamen
989 3488 1183 3568 persuadere
1205 3485 1265 3548 sibi
1288 3467 1353 3548 non
1375 3497 1444 3568 pot-

183 3605 252 3668 est,
268 3594 489 3656 -Athenaeum
518 3594 632 3656 adiisse
662 3595 768 3675 ipsum
798 3591 1096 3656 Chamaeleontem.
1139 3590 1248 3672 Quare
1271 3593 1443 3671 requirens,

183 3721 246 3782 per
276 3719 372 3782 quem
402 3700 502 3761 verba
531 3700 598 3761 eius
631 3699 790 3761 manarint
819 3699 851 3759 in
873 3697 1089 3772 Athenaeum,
1120 3697 1240 3758 invenit
1262 3695 1442 3760 Seleucum.

184 3803 286 3868 Cuius
309 3824 352 3866 ex
367 3804 583 3886 disputatione
599 3804 640 3866 de
655 3803 768 3865 Alcaei
792 3801 865 3866 loco
888 3804 919 3864 in
935 3803 1061 3864 decimo
1083 3802 1165 3865 libro
1181 3811 1307 3864 servata
1330 3803 1445 3864 iterum

184 3911 219 3972 in
248 3911 352 3991 primo
383 3910 464 3972 libro
494 3912 537 3991 (p.
563 3926 602 3972 22
611 3911 642 3990 e)
673 3909 832 3990 quaedam
863 3916 1061 3990 repetuntur.
1102 3908 1150 3970 At
1177 3909 1317 3989 primum
1347 3927 1444 3970 unus-

184 4017 324 4096 quisque
346 4016 436 4079 videt
458 4015 570 4078 Alcaei
593 4015 701 4077 locum
732 4015 763 4076 in
784 4034 816 4095 p.
841 4030 904 4076 22e
924 4034 989 4076 non
1019 4015 1050 4075 in
1072 4014 1211 4094 genuino
1241 4021 1355 4074 extare
1377 4032 1444 4074 ser-

186 4123 292 4184 monis
314 4129 470 4184 contextu
500 4122 557 4183 sed
579 4122 734 4183 insertum
757 4140 828 4182 esse
858 4140 901 4181 ex
923 4119 1050 4182 decimo
1079 4119 1170 4182 libro.
1213 4118 1328 4199 Neque
1351 4118 1446 4199 igitur

184 4225 342 4288 evincitur
363 4225 570 4288 Athenaeum
592 4225 624 4286 in
646 4227 751 4308 primo
780 4225 862 4287 libro
885 4227 1022 4288 eundem
1046 4233 1211 4286 auctorem
1234 4224 1325 4304 sequi
1348 4231 1446 4302 atque

186 4330 220 4392 in
253 4331 380 4394 decimo
413 4331 503 4394 libr0.
557 4329 692 4394 Gravius
727 4351 797 4394 esse
830 4331 969 4404 videtur,
1004 4332 1093 4410 quod
1130 4330 1215 4392 idem
1250 4327 1446 4391 Chamaeleo

1204 4429 1240 4480 2·
