3250 4980
755 341 967 401 ..4,-

230 499 287 562 τοῦ
310 490 404 561 οῖκου
434 489 611 580 εἰρήκασιν,
644 486 686 572 ῶς
715 492 784 559 ἐστι
810 489 965 575 »διύματα
993 487 1161 580 ήχήενται.
1197 495 1334 557 τοιαῦτα
1364 487 1424 576 γὰρ
1449 490 1490 576 δή

229 599 270 666 τὰ
286 593 443 690 ὑψόροφα
458 599 516 665 καὶ
531 593 667 683 μεγάλα.
691 598 768 684 περί
787 599 823 664 δέ
842 601 906 664 τῶν
920 599 1043 663 σκευῶν
1064 591 1102 662 τὸ
1128 599 1264 680 »χρυσοῦ
1287 588 1313 662 τ’
1333 592 1489 684 ἠλέκτρου

230 729 265 772 τε
294 705 352 772 καί
382 700 521 790 ἀργύρου
549 699 601 791 ἡδ’
629 701 837 790 ἐλέφαντοςι,
872 693 924 781 οἷς
953 698 1088 779 εἰκότως
1116 699 1329 787 ἐπιφέρωσι·
1366 699 1491 789 »Ζηνός

230 835 297 877 που
318 813 456 876 τοιαῦτα
478 807 593 892 δόμοις
616 807 650 873 ἐν
675 807 823 895 κτήματα
845 812 962 888 κεῖται,
993 801 1077 873 ὅσσα
1099 800 1174 872 τάδ’
1201 797 1330 872 ἀσπετα
1361 802 1489 872 πολλά·

230 915 330 1001 σέβας
352 909 387 998 μ’
408 912 475 996 ἐχει
498 908 722 1000 εἱςορόωνταα.
746 909 805 980 οὐκ
827 911 916 980 ἐστίν
938 907 968 977 δ’
989 906 1175 978 ἀκόλουθον
1196 914 1259 998 τῷ·
1286 908 1408 998 »Ζηνός
1422 937 1490 978 που

229 1016 342 1108 τοιήδε
370 1016 401 1105 γ’
423 1013 609 1102 Ὀλυμπίου
632 1015 769 1085 ἔνδοθεν
793 1011 892 1105 αὐλή(
916 1015 1105 1103 ἐπιφέρειν·
1142 1010 1337 1083 »ὅσσατάδ’
1359 1009 1490 1083 άσπετα

231 1124 372 1202 πολλάν,
396 1120 549 1214 σόλοικον
570 1116 609 1191 δν
628 1127 676 1211 τῷ
698 1119 858 1212 ἀσυνήθει
878 1127 936 1212 τής
956 1115 1183 1208 ἀναγνώσεως·
1214 1119 1262 1190 ἐτι
1284 1122 1392 1189 τοίνυν
1415 1115 1486 1188 οὐδ’

231 1224 354 1319 ήαύλή
384 1225 537 1316 ἁρμόττει
569 1226 629 1295 ἐπί
657 1232 715 1295 τοῦ
747 1224 848 1295 σ’ίκου.
885 1221 987 1313 όγάρ
1018 1225 1253 1311 διαπνεόμενος
1280 1225 1385 1305 τόπος
1407 1223 1491 1313 αὐλή

232 1339 360 1421 λέγεται
390 1335 447 1400 καί
482 1333 707 1415 διαυλωνίζειν
737 1334 821 1419 (fort.
858 1331 1136 1414 διαυλωνίζεσθαι
1170 1335 1278 1415 Kaib.)
1312 1331 1422 1420 φαμὲν
1452 1327 1490 1397 τὸ

233 1437 404 1523 δεχόμενον
426 1437 465 1520 ἐξ
484 1436 638 1524 ἐκατέρου
660 1442 788 1522 πνεῦμα
809 1437 939 1525 χωρίον.
964 1435 1012 1504 ἐτι
1033 1437 1070 1504 δέ
1093 1431 1190 1517 αὐλὸς
1210 1436 1270 1521 μὲν
1289 1434 1327 1505 τὸ
1343 1430 1489 1523 όργανον,

232 1540 283 1613 ὅτι
307 1533 346 1631 (ᾧ
366 1547 408 1612 Α.
433 1545 481 1628 C.)
505 1545 671 1628 διέρχεται
698 1539 736 1610 τὸ
765 1548 903 1626 πνεῦμα,
933 1543 991 1610 καί
1018 1545 1086 1608 πᾶν
1113 1539 1151 1609 τὸ
1182 1542 1414 1626 διατεταμένον
1444 1539 1491 1621 εἷς

231 1644 396 1734 εὐθύτητα
419 1652 529 1736 σχήμα
551 1641 650 1716 αὐλὸν
671 1650 833 1732 καλοῦμεν
855 1643 968 1734 ῶσπερ
989 1643 1027 1716 τό
1042 1644 1178 1714 στάδιον
1198 1648 1257 1716 καί
1279 1645 1336 1714 τδν
1357 1644 1492 1732 κρουνὸν

230 1760 288 1822 τοῦ
312 1756 452 1838 αἵματος
472 1759 501 1835 (χ
528 1758 577 1836 18)
605 1745 741 1820 »αὐτίκα
765 1747 796 1820 δ’
822 1749 921 1831 αὐλὸς
943 1748 1005 1819 ἀνὰ
1027 1757 1119 1838 ῥῖνας
1140 1749 1248 1834 παχύς
1269 1743 1402 1841 ήλθεντ.
1432 1753 1490 1818 καί

230 1855 288 1950 τήν
309 1857 576 1946 περικεφαλαίαν
593 1852 671 1925 όταν
694 1859 731 1926 ἐκ
745 1863 802 1926 τοῦ
824 1859 925 1942 μέσου
941 1855 1026 1943 πρὸς
1042 1853 1144 1944 όρθδν
1161 1855 1313 1946 ἀνατείνῃ
1329 1851 1489 1925 αὐλῶπιν.

232 1965 380 2050 λέγονται
410 1964 448 2031 δέ
471 1956 634 2052 Ἀθήνησι
662 1964 720 2029 καί
746 1961 829 2050 ἱεροί
849 1989 934 2044 τινες
956 1958 1106 2046 αὐλῶνες,
1138 1949 1183 2028 ῶν
1206 1965 1367 2049 μέμνηται
1390 1958 1489 2029 Φιλό-

230 2094 327 2153 χορος
357 2069 391 2135 ἐν
419 2073 459 2159 τῇ
489 2066 600 2157 ἐνάτη·
640 2071 779 2134 καλοῦσι
810 2066 840 2135 δ’
867 2063 1047 2154 ἀρσενικῶς
1075 2072 1150 2148 τούς
1179 2061 1341 2149 αὐλῶνας,
1377 2063 1489 2151 ὥσπερ

235 2174 440 2262 Θουκυδίδης
463 2172 496 2239 ἐν
517 2177 557 2262 τῇ
579 2169 614 2239 δ’
636 2173 694 2238 καὶ
717 2169 837 2254 πάντες
859 2171 891 2242 οῖ
915 2169 1144 2260 καταλογάδην
1166 2178 1373 2260 συγγραφεῖς,
1397 2171 1429 2240 οῖ
1454 2174 1491 2240 δέ

232 2279 371 2366 ποιηταί
401 2282 564 2365 θηλυκῶς.
611 2279 777 2366 Καρκίνος
804 2279 865 2359 μέν
894 2274 1056 2362 Ἀχιλλεῖ·
1093 2284 1255 2363 »βαθεῖαν
1283 2275 1331 2359 εἷς
1360 2273 1490 2346 αὐλῶνα

234 2383 435 2470 περίδρομον
465 2389 634 2471 στρατούι.
670 2385 728 2450 καί
759 2386 931 2472 Σοφοκλῆς
960 2381 1126 2464 Σκύθαις·
1161 2382 1337 2470 »κρημνούς
1366 2385 1403 2450 δὲ
1431 2384 1489 2451 καὶ

232 2486 396 2577 σήραγγας
419 2483 469 2577 ήδ
490 2488 652 2569 ἐπακτίας
674 2483 852 2569 αὐλῶναςι.
876 2487 1045 2556 ἐκδεκτέον
1071 2479 1127 2556 οὐν
1149 2491 1211 2557 καί
1227 2487 1265 2557 τὸ
1287 2485 1380 2576 παρά
1398 2488 1489 2576 Ἐρα-

231 2594 383 2660 τοσθένει
407 2592 440 2660 ἐν
460 2599 505 2682 τῶ
522 2588 624 2682 Ἑρμῇ
638 2596 793 2681 θηλυκῶς
815 2592 990 2685 εἰρῆσθαι·
1018 2591 1144 2680 »βαθὺς
1160 2594 1336 2683 διαφύεται
1362 2588 1485 2662 αὐλῶν<<

233 2693 304 2764 ἀντὶ
325 2703 383 2766 τού
412 2705 549 2783 βαθεῖα,
578 2697 737 2784 καθάπερ
765 2699 891 2783 λέγεται
921 2702 1026 2788 θῆλυς
1049 2699 1154 2786 ἐέρση.
1191 2705 1260 2766 πᾶν
1282 2691 1337 2767 οὐν
1365 2698 1402 2768 τὸ
1424 2725 1491 2768 τοι-

232 2808 325 2871 οῦτον
340 2799 424 2884 αὐλή
445 2829 479 2870 τε
496 2805 554 2870 καὶ
576 2799 684 2871 αὐλῶν
699 2805 836 2890 λέγεται.
858 2810 912 2872 νύν
927 2807 964 2871 δέ
985 2803 1026 2870 τὰ
1041 2805 1198 2889 βασίλεια
1214 2806 1363 2891 λέγουσιν
1378 2801 1488 2886 αὐλάς,

233 2902 344 2994 ὥσπερ
359 2911 570 2994 Μένανδρος·
598 2903 719 2988 »αὐλὰς
735 2906 935 2996 θεραπεύειν
949 2910 1007 2976 καὶ
1023 2905 1226 2996 σατράπαςι·
1252 2910 1309 2976 καὶ
1325 2910 1488 2998 Δίφιλος·

236 3009 356 3094 »αὐλάς
375 3011 573 3101 θεραπεύειν
604 3011 635 3080 δ’
657 3013 753 3096 ἐστίν,
783 3009 828 3093 ῶς
853 3014 929 3097 ἐμοῖ
959 3016 1060 3097 δοκεῖ,
1091 3008 1112 3102 ἢ
1138 3013 1285 3100 φυγάδος
1307 3007 1327 3102 ἢ
1353 3019 1489 3081 πεινῶν-

231 3144 286 3200 τος
309 3113 550 3210 ἢμαστιγίοῶ,
581 3110 656 3208 ήτοι
686 3117 744 3187 διὰ
765 3118 803 3187 τὸ
825 3115 987 3206 μεγάλους
1008 3116 1094 3202 ἐχειν
1120 3113 1195 3199 τούς
1216 3112 1283 3205 πρό
1304 3125 1369 3186 τῶν
1390 3117 1490 3187 οἴκων

231 3219 435 3309 ύπαιθρίους
456 3222 580 3304 τόπους
607 3217 629 3290 ῖ
651 3231 698 3312 τῷ
720 3224 988 3310 παραυλίζεσθαι
1018 3225 1077 3291 καί
1106 3229 1388 3311 παρακοιμᾶσθαι
1416 3221 1490 3306 τούς

232 3328 434 3418 δορυφόρους
462 3335 532 3410 τοῖς
552 3327 748 3416 βασιλείοις.
778 3325 924 3418 Ὅμηρος
947 3330 984 3396 δὲ
1013 3328 1070 3418 τήν
1093 3323 1195 3418 αὐλήν
1224 3327 1277 3396 ἀεὶ
1298 3330 1406 3398 τάττει
1429 3331 1489 3398 ἐπί

231 3441 295 3503 τῶν
315 3429 493 3519 ὐπαίθρων
508 3432 630 3520 τόπων,
654 3431 738 3502 ἐνθα
760 3425 800 3523 ήν
822 3430 910 3503 ότοῦ
933 3433 1059 3522 ἑρκείου
1075 3431 1179 3522 Ζηνὸς
1199 3434 1319 3519 βωμός.
1345 3431 1488 3521 όμέντοι

232 3564 267 3627 γε
289 3540 375 3628 (fort.
400 3533 418 3607 ό
440 3541 499 3623 μέν
522 3539 582 3627 γὰρ
605 3543 712 3624 Kaib.)
736 3538 866 3626 Πηλεὺς
886 3535 1174 3624 καταλαμβάνεται
1198 3545 1249 3622 (Λ
1272 3547 1344 3624 774)
1372 3539 1489 3632 ναύλής

232 3645 266 3712 ἐν
287 3644 400 3733 χόρτῳ,
425 3643 477 3727 ἐχε
493 3647 530 3712 δέ
551 3641 702 3731 χρύσειον
724 3638 855 3713 ἀλεισον
877 3648 1029 3712 σπένδων
1051 3641 1188 3712 α’ίθοπα
1204 3639 1292 3713 οἶνον
1315 3641 1371 3714 ἐπ’
1391 3647 1488 3715 αἰθο-

231 3746 357 3834 μένοισ’
386 3748 535 3838 ῖεροίσκ<.
565 3746 582 3818 ὃ
606 3752 643 3817 δέ
665 3750 818 3836 Πρίαμος
841 3753 882 3835 (Ω
900 3753 974 3834 640)
1003 3744 1123 3839 »αὐλῆς
1145 3749 1179 3817 ἐν
1200 3747 1349 3838 χόρτοισι
1379 3757 1487 3821 κυλιν-

233 3854 367 3940 δόμενος
388 3853 473 3922 κατὰ
494 3852 650 3943 κόπρονι.
688 3857 747 3922 καί
777 3850 795 3923 ό
818 3849 994 3936 Ὀδυσσεύς
1023 3854 1215 3942 προςτάττει
1237 3862 1309 3938 τοῖς
1333 3860 1412 3945 περὶ
1433 3856 1488 3926 τὸν

234 3959 361 4049 Φήμιον
383 3967 414 4044 (χ
437 3964 529 4044 675)
557 3954 647 4028 »ἀλλ’
669 3961 856 4043 ἐξελθόντες
874 3958 1025 4048 μεγάρων
1047 3950 1080 4029 εὐ
1096 3961 1311 4030 ναιεταόντων
1334 3964 1370 4031 ἐκ
1386 3962 1487 4051 φόνου

232 4065 279 4147 εἰς
301 4062 431 4156 αὐλήνι.
470 4064 519 4134 ότι
543 4066 580 4133 δέ
603 4060 686 4151 όμού
706 4068 762 4134 τόν
782 4093 818 4133 τε
848 4060 941 4134 οἶκον
970 4063 1092 4133 καὶτὰ
1119 4063 1268 4155 κτήματα
1291 4061 1488 4158 ἐπήνεσενό

237 4173 434 4258 Τηλέμαχος,
465 4173 638 4263 ἐμφανίζει
662 4167 679 4240 ό
704 4173 873 4252 Μενέλαος
897 4173 928 4257 (δ
949 4177 1020 4256 78)·
1058 4175 1170 4240 »τέκνα
1193 4170 1280 4261 φίλ’,
1309 4167 1382 4264 ήτοι
1404 4173 1487 4262 Ζηνί

231 4281 356 4364 βροτῶν
379 4271 436 4344 οὐκ
459 4271 499 4344 ἀν
520 4303 570 4358 τις
592 4277 710 4364 ἐρίζοι·
734 4273 899 4345 ἀθάνατοι
923 4276 984 4366 γάρ
1005 4282 1063 4345 τού
1085 4300 1120 4364 γε
1142 4274 1240 4362 δόμοι
1264 4280 1322 4344 καί
1344 4275 1482 4368 κτήματ’
