3250 4980
708 364 919 425 -1g-

179 532 294 615 Atque
323 533 373 596 hic
395 553 507 596 verum
536 531 654 594 vidisse
675 530 830 595 Seleucus
852 534 993 610 videtur;
1025 553 1131 613 neque
1160 535 1246 596 enim
1267 534 1439 614 quisquam

179 637 365 702 infitiabitur
386 638 470 702 male
493 647 606 719 aptum
629 657 700 700 esse
721 637 798 700 illud
821 637 988 719 epitheton
1011 637 1132 702 Graeis.

265 745 302 806 ln
324 743 412 826 Opp.
435 765 465 806 v.
482 743 525 824 96
546 742 669 806 dolium
692 743 859 806 Pandorae
882 738 1003 824 δόμους
1024 733 1201 829 ἀρρήκτους
1222 744 1284 807 dici
1307 743 1440 806 miratus

180 846 321 914 ττίθοισι
344 850 470 931 scripsit
492 869 552 930 pro
575 841 721 931 δόμοισι,
749 847 802 910 ubi
824 849 973 910 iniustam
996 868 1067 911 esse
1091 849 1301 912 offensionem
1325 868 1440 911 conce-

179 956 322 1018 dendum
346 963 404 1018 est.

266 1059 444 1123 Aristarchi
466 1056 601 1136 vestigia
631 1079 778 1140 premere
807 1056 884 1120 mihi
906 1060 1033 1122 videtur
1062 1059 1094 1121 in
1123 1059 1223 1122 schol.
1248 1059 1335 1122 Scut.
1359 1072 1438 1138 415:

180 1155 255 1230 οὐδ’
290 1159 420 1250 ἔρρηξεν
447 1159 586 1246 χαλκόν·
616 1158 708 1246 ἔρυτο
740 1160 778 1227 δὲ
809 1163 899 1248 δῶρα
929 1167 1040 1229 θεοῖο·
1074 1163 1233 1243 Σέλευκος
1261 1162 1299 1228 δὲ
1321 1156 1440 1248 γράφει

188 1265 355 1351 »χαλκὸς«,
378 1262 422 1334 ἵν’
448 1255 468 1356 ᾖ
490 1265 550 1334 ἐπὶ
573 1270 631 1333 τοῦ
653 1263 806 1352 δόρατος·
833 1260 937 1354 ἡγὰρ
956 1263 1061 1347 ἀσπὶς
1082 1264 1141 1334 οὐκ
1164 1265 1349 1354 ἐπεποίητο
1367 1260 1441 1352 ,ἀπὸ

179 1377 313 1458 χαλκοῦ.
358 1376 412 1438 Αδ
440 1385 507 1438 tres
529 1375 614 1436 enim
646 1374 737 1436 locos
759 1373 910 1448 Homeri,
941 1375 994 1437 ubi
1017 1383 1110 1437 extat
1137 1376 1222 1444 idem
1245 1375 1441 1437 semiversus

180 1484 224 1562 (Γ
245 1483 314 1560 348,
348 1484 380 1544 H
403 1493 474 1562 259,
505 1482 536 1542 P
553 1480 607 1557 44)
636 1479 771 1540 adnotat
801 1479 979 1560 Didymus:
1018 1473 1155 1560 χαλκός·
1185 1473 1289 1558 οὕτως
1312 1475 1442 1564 Ἀρίστ-

180 1609 288 1667 αρχος,
317 1577 414 1650 litor
444 1582 482 1654 δὲ
511 1578 570 1648 διὰ
598 1584 655 1648 τοῦ
684 1576 823 1664 χαλκόν·
854 1574 989 1664 δι’μεικον
1021 1583 1058 1649 δὲ
1088 1580 1146 1648 διὰ
1166 1588 1224 1650 τοῦ
1247 1606 1268 1649 ο
1290 1579 1439 1670 γράφειν.

181 1691 294 1772 Atque
315 1693 401 1772 apud
426 1691 607 1754 Homerum
637 1697 723 1751 certe
744 1697 830 1751 recte
859 1690 967 1752 scribit
989 1690 1205 1772 Aristarchus,
1235 1692 1310 1771 quia
1339 1690 1442 1752 tribus

181 1796 262 1859 locis
292 1796 395 1859 citatis
425 1803 618 1878 sequuntur:
650 1786 866 1882 ἀνεγνάμφθη
887 1793 926 1859 δέ
954 1790 986 1859 οἳ
1016 1791 1119 1884 αἰχμή
1149 1807 1182 1860 et
1206 1815 1385 1878 pronomen
1408 1789 1442 1860 oi

181 1901 289 1983 poscit
309 1901 542 1964 nominativum
571 1893 702 1980 χαλκός.
746 1898 872 1962 Tamen
901 1901 965 1961 iam
988 1899 1077 1965 Scuti
1107 1904 1298 1984 scriptorem
1325 1899 1442 1982 legisse

183 1999 314 2088 χαλκόν,
346 2027 389 2068 ex
418 2005 481 2068 hoc
510 2004 584 2067 loco
611 2005 837 2086 comperimus.
883 2002 1038 2068 Seleucus
1067 2014 1177 2067 autem
1208 2025 1306 2068 unum
1333 2004 1442 2068 Arist-

180 2111 314 2174 archum
336 2111 388 2176 hic
409 2118 538 2174 secutus
559 2103 681 2190 χαλκός
702 2109 829 2190 scripsit
851 2117 884 2171 et
906 2128 979 2171 earn
996 2129 1078 2192 quae
1102 2110 1133 2171 in
1151 2108 1275 2173 scholio
1297 2110 1442 2191 sequitur

180 2235 314 2280 causam
336 2226 391 2278 aut
413 2235 477 2278 non
499 2217 568 2296 ipse
589 2225 645 2278 aut
667 2224 783 2296 postea
805 2214 865 2277 sibi
887 2215 1095 2296 excogitavit.

267 2321 342 2383 Non
372 2321 465 2382 nimis
496 2321 777 2402 reprehendendus
806 2327 872 2394 est,
903 2321 991 2401 quod
1019 2319 1122 2382 haesit
1151 2320 1182 2382 in
1204 2320 1291 2402 Opp.
1316 2343 1346 2387 v.
1370 2335 1441 2401 549,

181 2427 236 2490 ubi
257 2425 450 2489 recentiores
466 2445 597 2506 quoque
619 2425 728 2507 plures
743 2424 946 2489 offenderunt
968 2425 1077 2507 ignari,
1102 2427 1179 2506 quid
1201 2427 1243 2489 sit
1265 2419 1327 2513 ἀὴρ
1341 2448 1443 2509 πυρο-

182 2525 295 2620 φόρος.
348 2529 482 2612 Scripsit
515 2540 640 2606 autem,
678 2530 730 2593 hic
764 2549 895 2610 quoque
928 2551 971 2592 ex
1003 2531 1203 2607 coniectura,
1239 2540 1274 2594 ut
1306 2532 1442 2606 videtur,

181 2627 399 2722 όμβροφόρος.
444 2637 546 2699 Recte
574 2635 737 2717 explicare
765 2635 891 2697 videtur
911 2634 1128 2717 Goettlingius
1153 2636 1273 2699 »nubes
1296 2635 1442 2712 fecunda,

182 2762 267 2822 quae
296 2742 434 2804 triticum
464 2752 643 2823 procreat«.
697 2737 854 2820 Quamvis
887 2741 983 2822 igitur
1010 2741 1170 2803 interdum
1200 2742 1354 2821 cupidum
1383 2742 1444 2804 de-

183 2847 420 2929 prehendamus
442 2845 614 2909 Seleucum
644 2845 867 2920 offensionum,
899 2865 982 2927 quae
1005 2847 1033 2908 ei
1062 2847 1245 2908 viderentur
1274 2866 1443 2908 removen-

181 2953 306 3026 darum,
329 2959 439 3014 tamen
461 2971 545 3032 quae
568 2970 698 3033 quoque
720 2949 793 3012 loco
812 2952 957 3026 coniecit,
983 2951 1009 3013 si
1031 2971 1097 3012 non
1111 2951 1247 3027 veritati,
1269 2960 1379 3014 tamen
1402 2952 1441 3027 ei,

182 3077 282 3139 quam
304 3057 373 3138 ipse
395 3057 501 3138 poscit
523 3056 700 3119 sententiae
722 3055 928 3120 satisfaciunt.

268 3162 444 3224 Atheteses
466 3162 533 3223 eius
555 3162 638 3224 duae
660 3161 795 3224 traditae
825 3171 908 3224 sunt.
953 3161 1051 3224 Delet
1078 3163 1163 3224 enim
1185 3161 1312 3244 Theog.
1340 3179 1444 3240 114-

187 3281 243 3347 115
269 3276 302 3330 et
327 3268 503 3347 573—585.
551 3267 587 3328 ln
616 3287 646 3329 v.
675 3281 731 3346 115
767 3268 830 3330 iarn
853 3267 1060 3330 Aristarchus
1088 3267 1188 3330 verba
1218 3264 1256 3346 ἐξ
1280 3259 1382 3356 ἀρχῆς
1410 3267 1444 3330 in

182 3373 399 3454 suspicionem
421 3373 550 3434 vocavit
572 3381 605 3433 et
626 3370 766 3434 Wolfius
786 3371 912 3435 Seleuci
935 3373 1084 3435 iudicium
1107 3372 1266 3453 probavit.

269 3477 385 3539 Altero
408 3477 481 3538 loco
505 3477 708 3556 (573-585),
735 3487 770 3539 ut
793 3498 857 3539 non
884 3479 992 3540 omnia
1022 3486 1109 3540 recta
1137 3479 1215 3551 sint,
1250 3498 1332 3540 vana
1354 3488 1442 3540 certe

183 3579 310 3646 Seleuci
327 3581 480 3645 offensio:
504 3571 655 3665 ἀπρεπὲς
668 3578 753 3647 θεὰν
767 3569 871 3648 οόσοκ
892 3576 950 3671 τήν
966 3574 1114 3661 Ἀθηνᾶν
1135 3586 1271 3663 κοσμεῖν
1293 3584 1441 3666 γυναῖκα.

269 3687 337 3750 Iam
361 3687 447 3749 idem
469 3689 557 3766 quod
581 3688 612 3749 in
634 3688 815 3750 Homericis
837 3689 960 3763 studiis,
985 3697 1019 3751 et
1041 3689 1093 3752 hic
1114 3689 1359 3769 disceptandum
1382 3697 1441 3763 est,

182 3811 261 3854 num
294 3791 429 3854 Hesiodi
462 3792 559 3854 editio
593 3791 748 3856 Seleucea
784 3793 935 3856 extiterit.
986 3792 1119 3856 Criticas
1153 3794 1283 3873 quidem
1315 3801 1442 3855 tantum

181 3897 477 3960 animadversiones
500 3897 568 3959 eius
588 3899 630 3960 ad
653 3898 833 3962 Hesiodum
856 3900 1013 3972 novimus,
1036 3918 1102 3962 non
1116 3899 1317 3978 exegeticas;
1342 3917 1443 3978 quare

182 4003 358 4065 editionem
387 4002 455 4064 eius
484 4000 580 4066 luisse
610 4005 774 4068 contendit
796 4003 955 4067 Flachius.
1000 4001 1065 4066 Sed
1093 4023 1189 4066 nemo
1219 4003 1350 4085 negabit
1377 4023 1443 4065 non

184 4108 288 4169 minus
311 4115 387 4188 apte
409 4107 440 4169 in
463 4111 701 4172 commentariis
722 4110 911 4172 coniecturis
933 4110 999 4172 sive
1022 4108 1220 4173 athetesibus
1241 4109 1348 4194 locum
1371 4129 1443 4171 esse

177 4231 282 4293 -quam
305 4213 336 4274 in
353 4213 508 4290 editione.
553 4215 679 4278 Tamen
701 4214 777 4277 nihil
797 4216 875 4277 certi
897 4223 1006 4296 potest
1027 4213 1187 4277 affirmari.

269 4316 452 4400 Specimina
467 4321 597 4384 rationis
620 4321 687 4384 eius
702 4329 817 4402 poetas
832 4321 974 4382 comicos
990 4321 1147 4384 tractandi
1166 4321 1198 4383 in
1214 4318 1444 4401 Aristophanis
