3250 4980
709 348 1016 394 -21·-.

179 521 314 564 causam
338 521 394 564 eos
415 502 561 585 spiritum
591 510 665 564 ante
684 522 791 570 voces,
822 523 887 565 non
909 523 1016 585 supra,
1046 503 1192 586 posuisse
1215 505 1373 587 opinatur,
1406 514 1443 568 ut

184 614 333 668 naturam
355 605 423 668 eius
453 624 582 687 semper
610 608 651 670 ad
681 608 834 690 principia
855 629 973 671 vocum
995 609 1228 690 praecurrentis
1257 609 1441 673 indicarent.

175 709 244 773 -Cui
266 712 443 774 sententiae
465 732 539 773 cum
561 713 720 776 contraria
741 714 782 776 sit
804 713 892 777 vocis
920 697 1007 793 ταῶς
1035 716 1197 796 prosodia,
1227 705 1348 800 ἄλογον
1369 736 1442 779 eam

179 837 256 880 esse
277 817 403 880 iudicat.

270 938 408 1003 Plurima
436 946 564 1001 servata
591 946 665 1002 sunt
697 939 878 1022 fragmenta
910 961 953 1004 ex
982 940 1099 1022 glossis
1125 939 1266 1017 Seleuci,
1300 963 1381 1024 quas
1411 943 1443 1005 in

181 1041 385 1126 Συμμίκτοις
406 1043 515 1107 locum
535 1042 685 1108 habuisse
714 1047 850 1108 coniecit
870 1046 1010 1109 Meierus
1033 1045 1155 1128 (opusc.
1178 1047 1268 1110 acad.
1292 1047 1322 1110 II
1344 1069 1376 1130 p.
1401 1050 1441 1112 28

179 1149 258 1216 adn.
285 1148 365 1230 106),
395 1149 452 1211 sed
480 1150 537 1210 vix
557 1157 653 1223 recte,
684 1170 760 1212 nam
789 1151 821 1212 id
843 1151 974 1231 quidem
1002 1160 1130 1215 constat
1156 1163 1342 1216 numeratos
1372 1175 1444 1218 esse

180 1254 274 1336 ipsos
297 1253 478 1335 glossarum
501 1253 609 1329 libros,
633 1275 699 1318 non
714 1253 969 1336 Symmictorum
992 1276 1036 1318 ex
1050 1256 1121 1330 hac,
1146 1278 1244 1338 quam
1260 1256 1444 1341 Stephanus

184 1361 264 1442 Byz.
289 1361 337 1438 83.
365 1375 403 1421 10
425 1359 502 1422 citat
524 1360 634 1440 glossa
658 1359 705 1442 (fr.
720 1363 789 1441 43):
812 1359 960 1446 βρέντιον
982 1356 1043 1446 γὰρ
1065 1357 1159 1447 παρὰ
1181 1362 1401 1443 Μεσααπίοις
1423 1356 1444 1452 ἡ

181 1468 241 1551 τῆς
263 1456 389 1551 ἐλάφου
410 1461 547 1551 κεφαλή,
571 1455 615 1542 ὡς
637 1463 805 1544 Σέλευκος,
837 1464 872 1531 ἐν
894 1466 1032 1553 δευτέρῳ
1062 1467 1225 1552 γλωσσῶν.
1264 1467 1444 1534 Schmidtio

182 1579 294 1634 autem
324 1569 596 1650 Mommsenoque
626 1570 776 1649 (Unterit.
807 1571 891 1640 Dial.
921 1593 953 1654 p.
984 1574 1039 1656 70)
1070 1573 1175 1636 facere
1205 1595 1270 1637 non
1299 1596 1444 1657 possum,

181 1676 263 1758 quin
282 1674 445 1749 assentiar,
470 1674 525 1754 qui
545 1672 660 1737 librum
683 1674 763 1759 περὶ
777 1677 835 1763 τῆς
850 1672 883 1740 ἐν
905 1674 1101 1759 σονωνύμοις
1118 1678 1284 1764 διαφορᾶς
1305 1681 1444 1743 eundem

182 1801 258 1844 esse
286 1787 402 1861 putant
431 1788 529 1862 atque
559 1779 701 1861 glossae,
735 1802 819 1862 quae
848 1785 1006 1845 sententia
1035 1784 1177 1847 maxime
1200 1786 1446 1848 commendatur

182 1885 366 1968 fragmento
396 1899 447 1962 42.
500 1885 591 1966 Ergo
623 1905 730 1948 rerum
763 1888 908 1951 ordinem
941 1897 1069 1951 secutus
1101 1898 1151 1952 est
1179 1888 1346 1966 Seleucus,
1381 1911 1447 1953 non

184 1993 372 2065 litterarum,
403 1991 493 2070 quod
515 1989 707 2054 concluserit
729 1992 843 2073 aliquis
873 2013 916 2056 ex
938 2013 978 2056 eo
1001 1993 1089 2075 quod
1117 1995 1217 2058 modo
1239 1995 1334 2058 citavi
1361 1993 1445 2077 frag-

182 2106 297 2160 mento
320 2096 406 2178 apud
428 2094 630 2177 Stephanum
653 2107 791 2161 servato

272 2219 309 2282 In
328 2219 510 2282 universum
540 2220 682 2301 explicat
709 2219 741 2281 in
763 2219 879 2300 glossis
907 2219 959 2282 vel
987 2239 1071 2302 quae
1092 2220 1191 2283 verba
1219 2221 1351 2284 omnino
1375 2242 1446 2284 rara

184 2334 279 2390 erant
300 2324 351 2386 vel
374 2325 529 2386 terminos
552 2325 726 2397 technicoS,
761 2325 815 2406 qui
835 2327 946 2407 paucis
968 2327 1036 2389 noti
1058 2335 1148 2388 erant
1169 2319 1359 2410 (ὀιάσχεσις,
1391 2325 1447 2410 ἒμ-

185 2433 329 2510 πέπτας,
359 2424 532 2513 καρβάνοι)
562 2431 612 2493 vel
645 2439 797 2493 notorum
826 2438 961 2512 etymon
994 2431 1146 2512 indagare
1175 2440 1309 2494 conatur
1342 2426 1445 2516 (κόρη,

184 2532 412 2622 μετάνιπτρον,
435 2523 593 2619 ὂῖστηνος).
624 2536 751 2599 Deinde
767 2555 904 2618 magnus
919 2537 1042 2599 videtur
1063 2535 1160 2599 luisse
1174 2556 1324 2598 numerus
1346 2538 1446 2599 ethni-

184 2663 297 2707 carum
330 2641 522 2723 glossarum,
557 2661 600 2703 ex
632 2642 748 2723 quibus
782 2645 813 2705 in
845 2640 1033 2723 fragmentis
1066 2650 1179 2704 extant
1208 2641 1446 2722 Messapiorum

184 2747 370 2834 (βρέντιον),
395 2746 609 2808 Macedonum
632 2741 788 2832 (δράμις),
819 2747 1013 2810 Thessalum
1035 2742 1213 2830 (δόρατος),
1243 2743 1447 2809 Rhodiorum

185 2852 396 2936 (ἐμπέπτας),
427 2851 628 2915 Cretensium
650 2849 825 2936 (θηλείας),
853 2853 1186 2916 Lacedaemoniorum
1216 2860 1249 2914 et
1271 2850 1447 2915 Teniorum

185 2953 386 3048 (μυκήρους).
428 2956 543 3018 Elucet
569 2957 663 3038 igitur
685 2978 750 3020 non
778 2957 883 3020 solum
906 2957 1127 3020 diversissimis
1151 2956 1283 3019 Graecis
1305 2957 1449 3022 dialectis

185 3087 271 3154 eum!
287 3064 446 3129 studuisse
469 3062 526 3124 sed
549 3061 646 3124 etiam
669 3063 797 3138 Italicis,
821 3064 910 3145 quod
925 3063 1161 3145 Messapiorum
1182 3063 1338 3125 indicatur
1359 3083 1454 3126 com·-

187 3171 432 3234 memoratione.
466 3167 570 3230 Huius
585 3168 690 3248 gentis
706 3169 888 3251 glossarum
911 3169 964 3231 uni
978 3177 1104 3231 tantum
1127 3188 1246 3230 nomen
1261 3169 1448 3249 appositum

188 3286 240 3340 est
262 3275 388 3339 Seleuci
420 3273 468 3357 (fr.
488 3275 552 3354 43).
598 3271 664 3336 Sed
693 3273 890 3338 Schmidtius
920 3274 1119 3355 comparavit
1146 3294 1220 3336 cum
1248 3275 1309 3337 hac
1337 3273 1449 3355 glossa

189 3384 268 3446 Hes.
299 3403 324 3448 s.
347 3402 377 3446 v.
408 3378 544 3465 βρένθον
576 3388 675 3462 atque
704 3380 871 3444 contendit
904 3399 1017 3442 omnes
1046 3379 1282 3461 Messapiorum
1311 3378 1451 3457 glossas,

188 3509 274 3570 quae
297 3495 410 3551 extent
431 3487 518 3567 apud
541 3484 751 3566 Hesychium,
786 3483 893 3548 eidem
912 3485 1021 3548 deberi
1051 3486 1173 3548 auctori
1195 3485 1226 3547 b.
1249 3505 1277 3547 e.
1300 3482 1448 3547 Seleuco

189 3591 239 3654 At
261 3610 301 3652 ne
323 3588 376 3652 illa
399 3611 462 3654 una
478 3591 609 3680 quidem
629 3589 740 3672 glossa
762 3591 793 3651 in
808 3588 921 3671 Steph.
940 3590 1018 3672 Byz.
1034 3599 1067 3652 et
1083 3588 1250 3671 Hesychio
1273 3610 1316 3652 ex
1331 3590 1449 3652 eodem

188 3695 284 3759 fluxit
306 3694 404 3771 fonte,
427 3717 503 3759 nam
524 3695 576 3759 ille
599 3695 742 3777 explicat
763 3692 920 3779 βρέντιον,
941 3695 993 3758 hic
1015 3693 1160 3779 βρένθον,
1184 3695 1273 3775 quod
1296 3694 1450 3758 Wilamo-
1479 3705 1482 3710 '

188 3802 313 3864 witzius
335 3800 411 3863 mihi
434 3801 584 3865 indicavit
606 3800 785 3864 discrimen.

276 3924 448 3986 Rariorum
469 3943 588 3986 vocum
610 3932 646 3986 ut
667 3922 804 3986 illustret
823 3942 926 3999 usum,
950 3922 1141 4004 scriptorum
1163 3921 1257 3985 affert
1279 3921 1380 3998 locos,
1404 3924 1449 3986 ita

189 4030 323 4112 quidem
346 4038 382 4093 ut
404 4028 489 4091 idem
515 4029 670 4110 respiciat,
700 4030 786 4110 apud
806 4049 904 4110 quem
926 4049 1075 4110 quaeque
1097 4029 1238 4110 primum
1260 4028 1450 4105 inveniatur;

189 4137 238 4199 sic
260 4128 441 4216 πεμμάτων
463 4137 595 4218 πρῶτον
615 4136 835 4221 μνημονεῦσαι
856 4127 1051 4200 Πανύασσιν
1073 4133 1263 4197 observasse
1285 4134 1345 4197 sibi
1367 4134 1451 4196 vide-

187 4239 294 4304 batur.
331 4240 499 4303 Praeterea
522 4241 665 4303 maxime
687 4259 868 4322 propensus
890 4248 959 4303 erat
980 4259 1249 4322 synonymorum,
1273 4259 1356 4320 quae
1378 4259 1451 4322 pro·
