3250 4980
698 397 910 463 „17-

170 554 298 618 Seleuci
325 575 396 618 esse
418 563 616 640 putaverunt
641 553 824 630 editionem,
852 553 941 634 quod
970 552 1114 634 pluribus
1140 554 1220 618 locis
1246 558 1432 638 interpunc-

169 661 274 723 tiones
313 661 380 722 eius
416 659 553 722 citantur
586 679 606 722 a
639 659 816 736 Nicanore;
854 657 895 722 cf.
926 657 1139 722 Graefenhan.
1170 659 1215 721 ΙΙΙ
1248 681 1279 742 p.
1305 675 1367 742 259
1399 671 1433 726 et

169 765 370 828 Beccardum
391 766 423 842 (l.
447 764 497 846 c.).

256 871 386 933 Praeter
415 869 496 931 haec
520 869 738 950 manuscripta
767 869 865 932 etiam
887 878 1033 932 veterum
1062 869 1246 933 criticorum
1275 871 1430 934 lectiones

168 985 318 1039 accurate
356 973 498 1055 collegit.
551 972 740 1036 Eustathius
777 975 863 1036 enim
899 975 1119 1038 testimonium
1156 976 1223 1038 eius
1260 976 1354 1040 affert
1390 978 1432 1042 de

173 1079 402 1163 Aristophanis
422 1079 559 1142 lectione
582 1080 722 1161 quadarn
745 1078 793 1160 (fr.
816 1083 860 1162 4).
897 1080 1024 1142 Deinde
1046 1081 1144 1143 etiarn
1166 1081 1198 1142 in
1219 1080 1255 1145 fr.
1282 1083 1299 1144 8
1323 1082 1432 1145 Thea-

168 1187 260 1268 genis
283 1186 378 1249 lectio
398 1207 418 1248 a
440 1184 577 1248 Seleuco
600 1185 818 1248 videturesse
841 1185 947 1248 allata.
987 1185 1098 1248 Plures
1120 1187 1258 1250 citantur
1279 1188 1379 1250 critici
1400 1189 1432 1250 in

169 1293 224 1367 eis,
249 1311 332 1372 quae
354 1311 398 1354 ex
419 1290 592 1353 Athenaeo
614 1290 835 1371 separavimus
857 1289 1054 1372 fragmentis.

255 1395 321 1460 Sed
344 1397 408 1459 iam
425 1396 645 1476 quaerendum
662 1403 720 1470 est,
743 1395 896 1475 quoniam
912 1397 1050 1458 vidimus
1071 1396 1128 1476 τὴν
1142 1391 1344 1478 πολύστιχον
1365 1419 1431 1461 non

169 1501 267 1565 fuisse
295 1503 469 1565 editionem
491 1523 511 1564 a
533 1499 671 1564 Seleuco
701 1500 830 1575 factam,
864 1520 941 1562 num
964 1502 1096 1564 omnino
1125 1501 1236 1564 feccrit
1258 1503 1432 1566 editionem

169 1617 225 1670 aut
248 1627 313 1688 quo
337 1607 419 1670 libro
434 1607 628 1670 Homericas
650 1626 725 1668 suas
745 1605 1039 1668 animadversiones
1061 1607 1093 1669 in
1114 1607 1280 1688 publicum
1302 1609 1432 1673 miserit.

168 1712 282 1792 Atque
307 1713 460 1794 equidem
489 1733 564 1775 meo
588 1712 655 1774 iure
682 1731 801 1793 negare
831 1711 908 1772 mihi
928 1710 1232 1775 videorSeleucum
1259 1714 1432 1778 editionem

169 1837 307 1894 curasse,
340 1839 415 1882 nam
438 1838 544 1900 neque
566 1816 682 1880 Suidas
714 1811 915 1901 διοθώρσεις
943 1817 972 1879 ei
993 1817 1138 1880 attribuit
1159 1820 1218 1880 sed
1248 1813 1431 1904 ἐξηγητικά,

170 1943 277 2004 neque
300 1923 332 1984 in
354 1922 483 1986 scholiis
505 1943 644 2004 usquam
673 1931 765 1985 extat
793 1913 814 2006 ἡ
836 1915 996 1986 Σελεύκου
1024 1921 1076 1984 vel
1106 1921 1171 1984 tale
1193 1923 1280 2004 quid.
1324 1925 1431 1988 Immo

169 2048 259 2103 vero,
294 2033 381 2108 quod
411 2049 476 2091 non
504 2027 611 2090 solum
640 2028 768 2090 criticae
797 2027 855 2089 sed
885 2026 982 2088 etiam
1012 2028 1201 2108 exegeticae
1229 2030 1431 2093 inveniuntur

169 2135 238 2196 eius
261 2133 553 2196 animadversiones
577 2143 610 2196 et
632 2133 759 2196 criticae
781 2132 849 2194 eius
877 2132 1018 2195 rationes
1045 2135 1174 2215 saepius
1196 2135 1301 2197 causis
1323 2135 1429 2199 defen·

170 2240 296 2314 duntur,
321 2239 570 2302 commentarios
593 2247 719 2302 tantum
741 2237 907 2318 scripsisse
930 2238 1064 2313 videtur,
1095 2239 1211 2320 quibus
1232 2241 1348 2322 singuli
1376 2243 1431 2304 de·

168 2345 280 2428 inceps
301 2365 412 2406 versus
435 2343 664 2406 tractabantur.

255 2451 339 2514 Tam
372 2447 561 2512 familiarem
590 2449 738 2516 Homero
771 2445 943 2509 Seleucum
976 2467 1036 2528 par
1068 2456 1118 2510 est
1149 2448 1330 2514 Hesiodum
1363 2473 1429 2514 non

169 2553 360 2634 neglexisse.
413 2555 457 2616 Et
486 2555 593 2616 insunt
628 2554 756 2634 saepius
792 2551 824 2612 in
853 2551 982 2614 scholiis
1012 2552 1183 2617 Hesiodeis
1212 2555 1338 2619 Seleuci
1368 2558 1427 2620 ad-

169 2659 360 2734 notationes,
391 2659 507 2740 quibus
536 2659 693 2722 indicatur
722 2657 843 2720 maiore
866 2677 940 2718 cum
969 2655 1117 2721 libertate
1139 2680 1213 2722 eum
1241 2662 1272 2722 in
1294 2661 1429 2724 Hesiodi

168 2763 361 2826 carminibus
390 2786 461 2838 esse
491 2773 656 2828 versatum
679 2783 777 2846 quarn
808 2763 839 2824 in
862 2760 1007 2826 Homeri.
1050 2763 1219 2845 Nusquam
1246 2766 1331 2828 enim
1360 2787 1430 2828 rnu-

168 2870 307 2931 tationes
328 2869 395 2933 eius
415 2872 707 2953 manuscriptorum
728 2867 918 2930 lectionibus
943 2865 1044 2930 fulciri
1066 2870 1125 2931 sed
1140 2890 1253 2933 omnes
1276 2891 1365 2934 mera
1387 2892 1431 2934 ex

169 2973 354 3037 coniectura
374 2973 478 3038 iactae
501 2996 572 3038 esse
594 2976 752 3038 videntur.
786 2972 990 3055 Explicanda
1011 2993 1082 3036 esse
1097 2975 1223 3038 videtur
1245 2976 1326 3039 haec
1348 2979 1430 3040 ratio

168 3079 373 3160 potissimum
396 3101 501 3144 exeo
524 3082 613 3163 quod
636 3080 771 3143 Hesiodi
800 3078 871 3140 libri
893 3099 958 3140 non
980 3087 1106 3143 tanturn
1138 3079 1220 3144 inter
1241 3102 1276 3144 se
1299 3082 1428 3146 differe-

168 3178 248 3246 bant
269 3204 366 3264 quam
389 3187 534 3262 Homeri,
559 3188 708 3250 nimirum
731 3187 806 3268 quia
828 3189 932 3251 minus
952 3187 1151 3252 tractabatur
1172 3187 1234 3252 ille.
1266 3188 1429 3251 Pertinent

112 3305 129 3330 ⁹
168 3298 278 3352 autern
302 3288 428 3353 Seleuci
452 3292 695 3356 observationes
717 3314 783 3356 non
804 3293 911 3357 solum
940 3295 982 3356 ad
1004 3293 1231 3374 Theogoniam
1254 3302 1287 3355 et
1308 3290 1427 3373 Opera,

167 3395 227 3458 sed
249 3396 345 3458 etiam
368 3397 410 3458 ad
431 3397 581 3460 Herculis
603 3406 741 3473 scutum,
763 3399 795 3460 in
818 3400 907 3481 quod
928 3408 998 3462 turn
1020 3399 1118 3461 etiam
1140 3397 1181 3460 ab
1203 3397 1430 3480 Epaphrodito

168 3501 419 3564 commentarius
441 3503 578 3584 scriptus
601 3511 651 3565 est
673 3501 723 3583 (cl.
747 3504 799 3566 Et.
824 3503 908 3566 Gud.
935 3504 983 3582 36,
1007 3507 1066 3586 13).
1108 3503 1199 3584 Ergo
1221 3503 1348 3566 videtur
1369 3502 1430 3567 Se-

168 3606 279 3668 leucus
309 3626 376 3696 non¹
403 3607 542 3688 probare
572 3607 801 3689 Aristophanis
828 3609 1019 3672 sententiam
1049 3608 1098 3692 (cf.
1129 3607 1304 3690 hypothes.
1328 3607 1429 3690 Scuti)

166 3713 311 3792 spurium
334 3731 405 3773 esse
424 3731 553 3774 carmen
576 3713 752 3776 iudicantis.

254 3817 327 3879 Hae
349 3825 424 3879 sunt
438 3815 564 3880 Seleuci
587 3819 619 3880 in
633 3817 780 3880 Hesiodo
802 3819 1007 3882 mutationes.
1043 3817 1169 3899 Theog.
1190 3817 1249 3879 160
1270 3812 1430 3900 ἀχνυμένη

166 3921 323 4004 proponit
340 3941 401 4003 pro
422 3921 621 4008 στεινομένη.
655 3922 830 3986 Offendere
847 3923 997 4000 debebat,
1019 3925 1073 4007 qui
1088 3924 1223 3987 Homeri
1245 3942 1429 3984 sermonem

166 4034 314 4104 noverat,
345 4047 421 4090 nam
446 4028 509 4092 illic
530 4025 722 4094 στείνεσθαι
743 4037 799 4091 aut
821 4039 995 4111 angustum
1017 4028 1085 4092 fieri
1107 4038 1163 4092 aut
1184 4027 1308 4091 onerari
1330 4027 1429 4108 signi-

166 4130 244 4194 ficat
268 4151 373 4214 neque
394 4153 473 4196 vero
495 4135 603 4196 animo
626 4135 701 4215 angi
720 4133 772 4196 vel
794 4136 963 4215 suspirare.
1307 4135 1311 4140 ’

253 4257 283 4299 v.
302 4251 372 4318 270.
399 4231 649 4324 καλλιπαρῄους
669 4247 773 4301 mutat
788 4239 820 4300 in
835 4233 1064 4326 καλλιπάρῃος
1084 4237 1197 4302 Graeis
1216 4238 1280 4300 hoc
1294 4239 1429 4302 demens

165 4341 347 4424 epitheton,
365 4341 459 4407 Cetoi
474 4364 652 4426 apponens,
677 4345 752 4424 quia
768 4366 798 4407 v.
815 4349 877 4424 238
892 4337 1123 4429 καλλιπάρῃος
1137 4343 1320 4407 nominatur
1336 4342 1428 4408 Ceto,

218 4453 333 4498 naues.
1208 4461 1223 4496 2
