3250 4980
694 339 907 403 „33-

167 517 187 558 a
209 516 268 557 sua
288 503 380 576 parte
411 493 560 554 habuisse
588 494 722 567 videtur,
756 494 845 573 quod
874 493 971 555 editio
995 493 1062 554 eius
1092 493 1124 554 in
1147 495 1293 556 manibus
1317 497 1345 557 ei
1369 495 1427 558 fuit

168 601 271 681 (Eust.
300 615 388 676 1441.
412 601 470 680 18).
506 598 625 661 Contra
647 599 825 662 Aristarchi
848 599 945 660 editio
968 597 1154 661 continebat
1176 621 1227 663 vv.
1253 599 1272 663 d
1292 616 1425 680 15-19,

167 728 233 769 non
256 705 441 768 continebat
463 707 492 766 Σ
513 711 583 780 604.

254 809 341 892 Quid
362 811 446 872 aliud
464 810 655 872 concludere
672 810 784 872 debuit
799 829 896 890 quam
911 807 1137 872 Aristarchum
1159 810 1327 874 inseruisse
1344 812 1425 888 illos,

167 916 327 980 delevisse
349 913 455 977 hunc?
499 913 552 976 Sic
575 914 810 995 simplicissime
833 912 1015 994 explicavit,
1039 917 1129 994 quod
1151 915 1232 978 inter
1247 917 1426 980 Aristarchi

166 1031 356 1100 ceterasque
379 1021 534 1082 editiones
556 1019 738 1082 inveniebat
760 1020 938 1094 discrimen,
970 1020 1053 1082 adeo
1076 1041 1141 1082 non
1164 1043 1286 1096 curans,
1311 1023 1426 1103 quibus

169 1148 213 1188 ex
229 1125 332 1189 causis
352 1135 420 1188 tarn
444 1129 595 1188 audacter
610 1127 795 1188 tractaverit
817 1125 870 1186 ille
896 1125 1013 1198 locum,
1038 1133 1073 1187 ut
1094 1147 1134 1188 ne
1157 1127 1426 1190 animadverteret

168 1233 308 1313 quidem,
340 1231 394 1312 qui
416 1232 600 1295 inseruisset
630 1230 702 1293 illos
724 1252 835 1293 versus
859 1230 878 1294 d
903 1245 1035 1310 15-19,
1068 1251 1143 1294 eum
1173 1252 1238 1294 non
1260 1254 1289 1295 v.
1314 1237 1344 1296 Σ
1362 1235 1426 1310 604

167 1335 349 1398 deleturum
372 1334 475 1411 fuisse,
501 1337 554 1415 qui
577 1337 662 1398 idern
685 1345 735 1398 est
757 1346 854 1417 atque
878 1336 897 1400 d
917 1350 963 1414 17.
1007 1337 1081 1398 Hoc
1104 1337 1275 1400 Seleucum
1305 1341 1424 1412 exeis,

168 1461 252 1522 quae
275 1441 306 1502 in
336 1441 559 1522 manuscriptis
582 1442 781 1516 inveniebat,
813 1463 872 1504 suo
895 1443 961 1504 iure
984 1442 1179 1505 conclusisse
1209 1463 1249 1504 ne
1272 1444 1340 1524 ipse
1361 1447 1426 1524 qui·

167 1548 244 1609 dem
267 1547 495 1608 contenderim.
535 1547 688 1610 Fortasse
717 1549 802 1610 enim
824 1547 1031 1610 Aristarchus
1055 1570 1118 1610 non
1142 1569 1201 1610 suo
1222 1549 1327 1611 Marte
1356 1550 1426 1612 illas

167 1653 364 1714 mutationes
387 1650 462 1713 fecit
489 1654 546 1714 sed
573 1662 699 1715 tantum
722 1653 939 1733 manuscripta
962 1673 1045 1732 quae
1075 1654 1143 1734 ipse
1168 1653 1300 1716 meliora
1321 1657 1427 1717 existi-

168 1758 281 1819 mabat
301 1764 439 1820 secutus.

254 1863 291 1925 In
320 1863 502 1924 universum
532 1864 670 1926 iudicare
703 1883 875 1944 possumus
898 1861 1069 1925 Seleucum
1099 1865 1130 1924 in
1160 1865 1343 1926 auctoribus
1366 1886 1425 1927 ex-

167 1968 325 2049 plicandis
348 1968 525 2049 simplicem
550 1989 620 2030 esse
639 1969 856 2048 interpretem,
881 1969 935 2049 qui
956 1959 1116 2045 ὑπονοίας
1137 1977 1221 2030 artes
1237 1982 1426 2049 aspernatus

167 2072 288 2153 ubique
316 2068 432 2155 καιρόν
454 2082 487 2135 et
508 2071 597 2152 λέξιν
624 2073 792 2154 diligenter
814 2075 978 2154 respiciat,
1012 2075 1043 2135 in
1065 2073 1254 2136 lectionibus
1276 2077 1424 2138 constitu-

167 2178 259 2240 endis
281 2178 398 2258 partim
421 2178 549 2240 liberius
581 2180 726 2242 conicere
751 2188 786 2241 ut
815 2179 847 2239 in
870 2179 1004 2240 Hesiodi
1026 2178 1227 2254 carminibus,
1260 2189 1371 2242 contra
1394 2182 1425 2242 in

166 2283 314 2345 Homero
337 2285 573 2346 accuratissime
603 2285 894 2365 manuscriptorum
917 2285 1007 2364 sequi
1036 2285 1199 2346 lectiones.
1246 2285 1425 2352 Aristarchi

165 2389 332 2470 propriam
354 2389 554 2468 provinciam
576 2390 727 2469 suscepit,
758 2409 831 2450 cum
855 2389 1031 2470 quaerebat
1060 2391 1100 2451 de
1122 2389 1243 2463 verbis,
1277 2410 1360 2470 quae
1383 2392 1424 2452 ab

166 2493 313 2555 Homero
337 2492 399 2556 alia
421 2515 495 2556 cum
518 2493 750 2574 significatione
773 2495 1010 2575 usurpabantur
1030 2515 1129 2575 quam
1152 2516 1171 2557 a
1193 2495 1424 2575 posterioribus

165 2609 200 2662 et
222 2600 253 2660 in
275 2599 336 2661 hac
358 2620 396 2666 re,
415 2619 545 2680 quoque
568 2599 628 2661 dici
651 2608 761 2680 potest
783 2600 931 2661 didicisse
957 2600 999 2663 ab
1021 2599 1222 2662 Aristarcho.
1268 2600 1315 2662 Ut
1337 2603 1425 2682 apud

164 2703 373 2766 Athenaeum
388 2705 421 2764 V
444 2726 475 2785 p.
496 2706 585 2766 180d
608 2705 648 2765 de
664 2704 765 2766 verbo
779 2700 926 2788 ἐξάρχειν
948 2706 1040 2769 dicit:
1063 2700 1101 2769 τὸ
1123 2701 1184 2789 γὰρ
1206 2701 1354 2789 ἐξάρχειν
1368 2708 1425 2789 τῆς

165 2803 346 2894 φόρμιγγος
374 2805 473 2889 ἴδιον,
511 2830 542 2890 p.
571 2811 657 2888 189e
685 2810 725 2871 de
756 2811 957 2872 substantivo
989 2803 1089 2896 αὐλή·
1125 2805 1270 2894 Ὅμηρος
1304 2808 1341 2874 δὲ
1368 2805 1425 2897 τήν

105 2906 108 2912 ’
165 2905 266 3000 adtira
288 2907 341 2978 ἀεὶ
364 2909 473 2979 τάττει
497 2911 555 2978 ἐπὶ
578 2915 642 2978 τῶν
665 2912 845 2998 ὑπαίθρων
865 2909 987 2982 τόπων.
1021 2915 1105 2978 Vide
1129 2917 1226 2978 etiarn
1249 2916 1370 2980 Athen.
1395 2917 1425 2978 Π

164 3041 197 3100 p.
220 3036 263 3096 40
271 3021 363 3082 c—d.
408 3019 641 3100 Etymologiae
664 3021 731 3082 eius
753 3021 875 3101 passim
897 3021 1036 3102 pueriles
1058 3020 1151 3082 nobis
1173 3041 1244 3083 esse
1267 3022 1424 3100 videntur,

164 3134 201 3187 ut
223 3123 322 3208 θοίνη
346 3135 379 3188 et
401 3123 524 3210 θαλείη
551 3126 604 3205 (ad
629 3148 641 3188 ι
668 3127 709 3206 5),
740 3135 883 3188 attamen
914 3125 980 3187 sere
1009 3146 1074 3188 non
1103 3125 1175 3206 plus
1198 3128 1425 3206 praestiterunt

163 3231 197 3292 in
218 3229 279 3292 hac
303 3250 336 3292 re
358 3231 454 3292 ceteri
477 3231 599 3311 antiqui
620 3232 831 3311 grammatici.

250 3336 304 3398 Ex
317 3335 484 3417 permultis
505 3335 602 3410 libris,
627 3355 710 3415 quos
726 3337 852 3417 scripsit
867 3334 1029 3410 Seleucus,
1051 3355 1174 3416 paucae
1189 3345 1335 3399 servatae
1350 3348 1426 3401 sunt

163 3439 333 3522 reliquiae;
357 3440 456 3522 paulo
471 3440 625 3519 largiores
648 3450 770 3504 restant
786 3451 911 3504 tanturn
932 3461 976 3503 ex
991 3441 1228 3504 commentariis
1244 3442 1425 3508 Homericis

163 3554 263 3628 atque
286 3545 337 3608 hic
359 3546 467 3627 plures
498 3547 565 3608 eius
588 3547 829 3610 observationes
861 3555 934 3608 sunt
964 3546 1054 3624 tales,
1089 3555 1125 3609 ut
1144 3548 1213 3609 sine
1235 3548 1424 3612 limitatione

163 3651 310 3732 accipere
333 3673 388 3714 eas
410 3652 571 3732 possimus
594 3651 646 3734 (cf.
671 3652 791 3714 Athen.
808 3651 863 3733 V).
896 3649 995 3732 Quod
1018 3673 1094 3714 sane
1117 3651 1210 3716 nobis
1232 3673 1272 3714 eo
1295 3655 1424 3716 maioris

162 3764 214 3818 est
241 3757 343 3836 pretii,
374 3777 439 3838 quo
470 3759 573 3838 magis
604 3757 669 3821 fere
692 3758 810 3837 ubique
832 3757 1010 3820 Aristarchi
1039 3758 1185 3820 doctrina
1208 3760 1298 3838 quasi
1328 3780 1423 3840 prae-

162 3861 328 3941 cingimur.
