3250 4980
762 326 974 387 „28-

234 493 310 556 loco
330 495 363 557 A
385 510 456 574 334,
486 515 583 576 quem
612 495 721 558 omisit
743 495 911 569 Maassius,
942 495 996 574 qui
1019 495 1102 558 hanc
1132 495 1356 575 quaestionem
1378 505 1497 558 tractat

234 597 255 661 l.
278 619 305 662 c.
329 619 361 680 p.
386 614 435 678 34,
466 607 535 662 arte
558 601 729 663 coniuncta
751 609 801 662 est
823 599 1026 680 polystichae
1056 599 1153 662 lectio
1174 621 1248 663 cum
1269 601 1369 682 ipsius
1394 601 1496 664 Arist-

235 703 322 766 archi
351 704 504 767 lectione:
548 698 667 789 Τρώων
697 698 867 789 ὁρμήσειε·
897 696 999 782 οὕτως
1021 695 1042 786 ἡ
1063 696 1148 768 nurui
1170 701 1386 791 Ἀρίσταρχον
1418 700 1496 786 ἔχει.

234 807 293 875 καὶ
322 804 360 874 τὸ
384 804 528 890 Ἀχαιῶν
558 801 690 891 ύμεινον
719 801 852 874 ἀκούειν
875 799 930 872 ἐπ’
958 797 1140 890 Ἀχαιούς·1
1161 805 1310 876 πιθανὸν
1335 805 1398 896 γὰρ
1422 807 1497 876 ἒπι-

234 913 344 996 μένειν
362 911 438 993 τοὺς
460 908 628 998 Ἕλληνας,
651 912 713 993 ἕως
735 905 775 978 ἂν
796 909 1121 1002 προεπιχειρήσιοσιν
1142 906 1254 993 αὐτοῖς
1276 911 1307 980 oi
1330 909 1497 1002 βάρβαροι

236 1018 295 1086 καὶ
323 1014 446 1104 τρόπον
472 1015 547 1084 τινὰ
577 1011 724 1106 ’δεύτερον
752 1014 835 1101 μετὰ
864 1013 1041 1104 Πάνδαρον
1070 1014 1410 1106 παρασπονδήσωσιν.
1443 1015 1497 1085 διὸ

236 1125 295 1190 καὶ
317 1120 447 1210 μήποτε
461 1116 594 1206 ἄμεινον
614 1121 648 1189 ἒν
662 1125 703 1211 τῇ
724 1124 915 1210 πολοσσίχῳ
930 1123 1081 1211 φέρεται·
1114 1122 1275 1190 »ἕστασαν
1295 1116 1427 1190 ὁππότε
1442 1123 1499 1190 κέν

235 1253 285 1308 τις
315 1229 461 1295 ἐναντίον
490 1221 591 1307 ἄλλος
621 1224 776 1294 ἐπελθὼν
812 1227 932 1312 Τρώων
963 1222 1117 1316 ὁρμήσειε
1145 1227 1204 1295 καὶ
1237 1220 1365 1316 ἄρξειεν
1394 1227 1495 1294 πολέ-

235 1358 346 1419 μοιοι.
383 1343 431 1398 Α.
478 1334 574 1398 Certe
596 1335 757 1416 Didymus
787 1345 853 1416 est,
884 1337 938 1416 qui
960 1335 1139 1398 Aristarchi
1169 1336 1362 1398 sententiam
1383 1334 1498 1398 melius

236 1442 397 1522 pertinere
430 1435 552 1525 Τρώων
579 1442 621 1503 ad
645 1432 789 1523 πύργος,
824 1433 968 1520 Ἀχαιῶν
996 1442 1038 1504 ad
1071 1434 1227 1505 ἐπελθών
1260 1440 1351 1521 quasi
1388 1439 1498 1502 fulcire

236 1547 353 1622 studet,
377 1567 451 1608 cum
474 1544 678 1627 polystichae
701 1545 882 1619 lectionem,
907 1566 990 1628 quae
1013 1555 1047 1609 et
1068 1546 1120 1608 hic
1142 1544 1252 1608 deberi
1276 1543 1414 1608 Seleuco
1436 1565 1497 1626 pu-

236 1652 336 1714 tanda
357 1655 415 1734 est,
440 1651 658 1713 commendat.
690 1649 764 1713 Una
779 1671 852 1713 cum
868 1651 1048 1714 Aristarchi
1069 1651 1206 1714 lectione
1223 1659 1500 1712 commemoratur

236 1756 420 1838 polysticha
442 1757 540 1818 etiam
562 1759 602 1818 A
625 1757 702 1835 258:
734 1749 836 1835 οὕτως
859 1747 1076 1844 Ἀρίσταρχος
1097 1753 1156 1821 καὶ
1180 1751 1214 1820 ἐν
1235 1757 1275 1841 σῇ
1297 1753 1498 1842 πολοσείχῳ.

321 1862 395 1943 Ipse
418 1863 563 1924 concedo
594 1862 650 1924 vix
671 1863 829 1941 quadrare
850 1863 950 1925 videri
976 1863 1059 1926 hanc
1083 1881 1181 1942 quam
1203 1861 1404 1924 ostendimus
1427 1881 1499 1924 esse

237 1967 319 2029 inter
331 1967 511 2048 Didymum
534 1977 567 2029 et
582 1965 753 2028 Seleucum
777 1967 935 2030 rationem
957 1969 998 2031 ad
1019 1988 1066 2042 ea,
1091 1987 1176 2048 quae
1191 1967 1232 2028 de
1255 1975 1362 2028 aetate
1385 1987 1498 2028 eorum

236 2071 364 2134 scimus.
411 2071 565 2135 Seleucus
592 2073 676 2134 enim
700 2072 820 2135 Tiberii
849 2073 906 2136 luit
935 2074 1080 2148 conviva,
1111 2073 1273 2153 Didymus
1295 2070 1394 2133 Suida
1416 2079 1500 2133 teste

239 2177 321 2239 vixit
349 2172 411 2255 ἕως
432 2171 640 2262 Αύχούσσοο.
686 2175 795 2258 Quare
818 2177 976 2240 Maassius
1006 2178 1137 2240 omnino
1169 2177 1300 2258 negavit
1327 2174 1498 2238 Seleucum

238 2282 417 2345 adhibitum
447 2304 518 2347 esse
539 2304 558 2347 a
577 2281 731 2364 Didym0,
767 2284 824 2345 sed
847 2303 912 2345 non
934 2283 1011 2346 satis
1032 2291 1180 2345 accurate
1203 2281 1344 2363 inspexit
1366 2280 1498 2345 scholia.

237 2387 340 2450 Nobis
363 2389 556 2470 explicanda
578 2397 628 2451 est
646 2387 826 2451 difficultas.
872 2389 984 2468 Atque
1009 2388 1034 2452 si
1056 2397 1237 2451 statuamus
1260 2385 1428 2450 Schmidtii
1449 2405 1496 2448 se·

239 2503 376 2574 quentes
396 2493 601 2556 verisimilem
623 2495 900 2576 computationem
916 2494 1061 2575 (Didym.
1085 2514 1116 2574 p.
1136 2493 1175 2575 5),
1198 2493 1376 2554 secundum
1399 2511 1497 2572 quam

238 2609 331 2662 natus
354 2609 404 2662 est
423 2600 586 2679 Didymus
608 2619 655 2664 ca.
678 2619 798 2661 annum
821 2599 1123 2681 quinquagesimum
1146 2619 1174 2662 a.
1192 2596 1267 2661 Chr.
1284 2618 1314 2662 n.
1336 2597 1498 2679 putandus

238 2712 288 2766 est
310 2702 425 2767 Suidas
448 2705 554 2787 dicere
574 2704 714 2766 voluisse
740 2723 859 2784 >usque
882 2706 923 2767 ad
945 2703 1043 2767 finem
1059 2704 1231 2784 Augusti«,
1256 2705 1344 2784 quod
1367 2703 1498 2784 longam

223 2803 337 2872 ¹vitam
367 2829 451 2890 opus
483 2809 579 2872 luisse
612 2817 863 2872 consentaneum
893 2818 943 2871 est
965 2811 1006 2872 ad
1029 2808 1278 2872 conscribendos
1312 2818 1362 2872 tot
1391 2807 1497 2878 libros,

239 2924 320 2995 quot
335 2915 481 2996 Didymo
504 2914 728 2979 attribuuntur.
764 2912 889 2994 Quodsi
905 2913 1059 2978 Seleucus
1076 2914 1207 2977 Tiberio
1230 2923 1385 2996 regnante
1408 2915 1499 2976 inter-

238 3019 341 3083 fectus
361 3029 419 3096 est,
444 3019 536 3083 facile
557 3022 620 3082 iam
643 3021 773 3100 triginta
794 3021 885 3082 annis
905 3030 979 3083 ante
1002 3021 1251 3084 commentarios
1271 3021 1302 3082 in
1318 3021 1497 3082 Homerum

239 3127 345 3207 potuit
367 3125 515 3202 scribere,
547 3145 630 3206 quos
658 3134 694 3187 ut
714 3126 877 3206 Didymus
905 3127 936 3187 in
965 3146 1059 3190 suum
1083 3147 1176 3189 usum
1207 3135 1411 3188 converteret
1433 3125 1499 3188 fieri

239 3231 383 3313 potuisse
405 3251 502 3293 nemo
524 3233 588 3294 iam
611 3230 786 3312 negabit1).
820 3229 951 3294 Scholia
972 3233 1014 3294 ad
1035 3236 1075 3295 Α
1098 3249 1169 3308 211,
1193 3235 1223 3294 Γ
1244 3245 1292 3312 57,
1316 3236 1402 3310 133,
1426 3251 1498 3294 cum

239 3337 280 3400 de
303 3337 558 3418 interpunctione
573 3345 698 3414 agatur,
721 3335 873 3398 Nicanori
887 3338 963 3399 dare
987 3359 1051 3400 non
1068 3336 1295 3400 dubitabimus.
1329 3336 1499 3418 Porphyrii

239 3453 314 3508 sunt
335 3443 457 3506 scholia
479 3444 520 3505 ad
543 3466 565 3506 α
581 3455 641 3521 215
666 3449 699 3502 et
721 3441 780 3505 ι6.
816 3441 945 3504 Praeter
967 3443 1028 3506 hos
1050 3445 1082 3504 in
1104 3442 1233 3506 scholiis
1255 3441 1332 3524 ipsis
1354 3450 1499 3504 servatos

241 3547 437 3631 Apollonius
447 3545 620 3629 Dyscolus,
629 3547 842 3622 Herodianus,
851 3547 1298 3612 Athenaeuscommentarios
1309 3547 1500 3610 Homericos

239 3657 347 3719 citant.
392 3654 445 3717 Ex
467 3655 516 3717 his
539 3663 748 3716 manaverunt
777 3662 810 3716 et
832 3673 876 3716 ex
904 3654 1042 3732 scholiis,
1078 3675 1161 3736 quae
1183 3655 1270 3736 apud
1292 3652 1498 3715 Eustathium

240 3783 283 3825 ex
304 3761 364 3824 illis
386 3737 625 3824 commentariis
647 3759 793 3822 citantur.

327 3954 405 4018 1)De
426 3951 533 4009 ratione,
557 3966 622 4016 quae
644 3951 778 4001 intercedit
799 3952 863 4000 inter
885 3951 1019 4002 Seleucum
1043 3959 1068 4001 et
1092 3951 1242 4016 Didymum,
1269 3957 1336 4000 recte
1360 3949 1500 4015 suspicatus

240 4051 277 4093 est
294 4043 344 4091 iam
362 4041 518 4092 Schraderus
537 4037 646 4104 (Porph.
660 4039 692 4089 ad
710 4038 741 4088 Il.
759 4057 785 4104 p.
803 4039 854 4104 380
872 4041 932 4092 adn.
955 4037 986 4104 1),
1010 4041 1055 4090 sed
1079 4046 1184 4105 propter
1205 4047 1348 4105 temporum
1371 4039 1501 4104 angustias

240 4131 340 4180 dubitat
364 4145 397 4178 an
419 4127 571 4180 Homericus
595 4127 715 4178 Seleucus
736 4127 804 4178 idem
829 4127 903 4176 fuerit
927 4133 1005 4190 atque
1026 4126 1121 4176 Tiberii
1146 4127 1255 4176 conviva
1280 4126 1381 4176 Maassii
1404 4125 1501 4176 diffisus

240 4219 408 4278 coniecturae,
430 4217 473 4283 qni
491 4217 620 4267 Zenonem
638 4215 735 4281 scripsit
752 4231 799 4282 pro
817 4217 953 4265 Xenonem
972 4230 1013 4280 ap.
1032 4215 1100 4265 Suet.
1113 4215 1172 4264 Tib.
1191 4231 1212 4264 c.
1227 4215 1267 4280 56.
1294 4217 1416 4264 Attamen
1429 4214 1499 4279 cogi·

239 4323 296 4356 mus
314 4323 381 4356 nunc
399 4305 568 4356 Schraderum
586 4305 712 4356 Athenaei
729 4305 788 4355 loco
810 4304 837 4353 ll
857 4313 917 4368 soa.
