3250 4980
700 341 1033 388 —20-.

174 499 333 562 citatura
361 495 498 559 Seleuco
528 517 559 578 p.
582 512 682 574 430a.
726 496 774 559 At
803 516 843 558 ne
875 496 939 558 hoc
972 497 1103 576 quidem
1138 497 1285 578 cogimur
1318 507 1433 580 putare

174 603 272 666 etiam
295 602 326 664 in
348 603 453 683 primo
476 600 557 664 libro
574 599 842 664 Chamaleontem
858 599 995 664 Seleuco
1018 602 1235 666 intercedente
1257 603 1434 666 innotuisse

174 707 357 773 Athenaeo.
399 706 515 770 Alcaei
545 708 629 769 enim
658 707 732 770 loco
762 707 929 770 tractando
958 706 1102 787 amplam
1125 705 1280 771 Seleucus
1301 708 1435 771 adhibet

173 814 368 895 doctamque
391 812 715 894 argumentationem,
738 813 783 875 ita
804 821 840 874 ut
862 811 1049 874 luceclarius
1071 812 1113 874 sit
1135 811 1204 874 sola
1227 813 1297 894 ipsa
1319 813 1434 875 Alcaei

173 918 272 980 verba
298 939 372 980 eum
402 918 485 980 velle
508 917 681 1000 explicare.
724 917 814 999 Ergo
843 919 875 980 in
905 917 1118 999 grammatico
1142 917 1284 998 quodam
1307 915 1434 981 Seleuci

173 1024 255 1086 libro
278 1021 337 1085 fuit
358 1022 409 1086 hic
431 1023 531 1098 locus,
560 1043 758 1106 quamquam
780 1032 866 1086 certe
889 1023 950 1086 dici
973 1043 1038 1085 non
1060 1031 1180 1104 potest,
1208 1023 1242 1086 in
1263 1043 1340 1103 quo.
1384 1023 1435 1086 Ea

173 1137 291 1204 autem,
316 1149 399 1210 quae
416 1128 613 1192 Chamaeleo
635 1129 676 1192 de
691 1127 860 1209 Aeschylo
883 1129 961 1192 dicit
982 1129 1068 1210 apud
1083 1127 1301 1205 Athenaeum,
1324 1131 1356 1192 in
1378 1130 1435 1192 tali

173 1235 255 1298 libro
278 1243 366 1314 patet
387 1243 500 1298 extare
520 1255 586 1297 non
613 1235 765 1315 potuisse.
811 1231 939 1314 Quodsi
968 1235 1212 1298 concedendum
1235 1243 1349 1298 estex
1370 1235 1434 1298 alio

173 1339 255 1402 libro
285 1339 429 1403 hausisse
452 1340 659 1403 Athenaeum
682 1339 796 1402 Alcaei
825 1338 887 1401 loci
909 1338 1145 1418 tractationem,
1175 1361 1217 1402 ex
1246 1339 1318 1415 alio,
1350 1361 1434 1423 quae

173 1446 215 1508 de
236 1443 404 1526 Aeschylo
434 1445 590 1520 dicuntur,
623 1466 662 1508 ne
692 1446 725 1508 id
754 1444 885 1525 quidem
915 1444 1045 1507 credere
1072 1443 1238 1519 debemus
1270 1447 1359 1526 quod
1381 1446 1436 1510 ille

176 1551 256 1614 liber
271 1549 397 1615 Seleuci
419 1560 478 1627 est,
499 1551 585 1613 hunc
607 1570 679 1614 esse
699 1551 854 1626 eiusdem,
878 1550 1026 1630 quamvis
1049 1548 1219 1630 utrobique
1237 1549 1438 1615 Chamaeleo

172 1657 296 1720 citetur.

259 1763 375 1825 Restat
403 1745 447 1826 ex
469 1761 708 1825 commentariis
737 1760 818 1824 liber
847 1757 926 1843 περὶ
955 1761 1019 1824 τῶν
1040 1756 1189 1837 Σόλωνος
1211 1752 1344 1839 ἀξόνων,
1380 1762 1435 1843 qui

174 1864 513 1950 glossographicorum
555 1867 760 1949 potissimum
799 1866 979 1928 studiorum
1019 1863 1139 1928 fructus
1181 1887 1252 1929 esse
1291 1866 1435 1944 videtur;

175 1975 304 2036 namin
328 1971 457 2036 Solonis
479 1971 614 2051 legibus
645 1972 671 2035 si
693 1991 839 2051 usquam,
870 1970 1022 2052 plurimas
1044 1970 1285 2052 rarissimasque
1307 1971 1436 2052 glossas

175 2079 321 2142 extitisse
344 2085 597 2141 consentaneum
621 2086 671 2141 est
699 2085 733 2140 et
755 2084 887 2158 propter
915 2077 1056 2158 ipsarum
1079 2074 1189 2158 legum
1211 2077 1437 2158 antiquitatem

175 2194 208 2246 et
231 2184 306 2265 quia
328 2204 487 2265 nusquam
510 2192 638 2246 vetusta
666 2183 783 2246 diutius
812 2201 978 2244 remanere
1003 2181 1104 2244 verba
1134 2190 1261 2245 constat
1283 2201 1381 2263 quam
1403 2181 1437 2243 in

176 2309 234 2350 usu
256 2289 401 2352 iudiciali.
445 2289 495 2350 Ea
526 2308 610 2370 quae
639 2288 726 2368 apud
755 2287 906 2349 Photium
933 2307 958 2353 S.
981 2307 1010 2348 v.
1042 2280 1194 2371 dpycoireg
1214 2297 1344 2350 extant:
1377 2286 1437 2352 Σέ-

176 2393 289 2472 λευκος
318 2392 356 2458 δὲ
378 2391 413 2458 ἐν
434 2397 481 2479 τῷ
509 2385 721 2474 ὑπομνήματι
749 2394 813 2457 τῶν
843 2385 992 2470 Σόλωνος
1019 2382 1144 2470 ἀξόνων
1173 2387 1332 2476 ὀργεῶνᾶς
1352 2412 1437 2478 φησι

174 2499 356 2564 καλεῖσθαι
379 2493 445 2563 uei.
467 2500 624 2578 pertinere
644 2499 792 2562 videntur
812 2498 854 2560 ad
877 2497 973 2574 illam,
1005 2517 1104 2577 quam
1128 2496 1227 2560 Gaius
1250 2499 1359 2580 (Digg.
1382 2513 1438 2577 47.

176 2620 227 2670 22.
249 2606 283 2682 4)
320 2605 459 2666 servavit
497 2601 627 2666 Solonis
663 2603 771 2685 legem
783 2603 815 2686 ¹).
870 2603 927 2665 Ad
964 2604 1101 2666 eandem
1137 2603 1244 2684 legem
1280 2603 1438 2685 Hesychii

176 2708 319 2789 glossam
336 2704 397 2772 ἐπὶ
412 2707 516 2774 λείαν·
540 2705 600 2774 ἐπὶ
616 2706 768 2794 λῃστείαν
783 2709 847 2771 iam
863 2708 1049 2771 Lobeckius
1063 2708 1291 2791 (Aglaopham.
1314 2733 1344 2789 p.
1363 2710 1440 2790 305)

177 2835 236 2876 suo
259 2814 325 2876 iure
344 2815 475 2878 rettulit.
520 2813 629 2894 Quare
649 2823 682 2877 et
702 2814 783 2876 haec
806 2813 931 2877 Seleuci
955 2834 1026 2876 esse
1048 2814 1215 2897 videturv).

179 2966 182 2970 -
260 2918 439 2982 Videamus
455 2940 547 2995 nunc,
572 2921 648 3002 quid
663 2929 790 3002 praeter
810 2919 1059 2982 commentarios
1074 2917 1229 2982 Seleucus
1244 2919 1438 3000 praestiterit

176 3025 207 3086 in
229 3025 403 3088 maioribus
426 3026 645 3107 grammaticis
666 3025 909 3106 quaestionibus
930 3025 1116 3088 tractandis.
1161 3024 1274 3106 Atque
1296 3025 1437 3106 primum

176 3131 354 3193 invenimus
376 3151 451 3194 eum
480 3131 512 3193 in
535 3151 647 3194 eorum
670 3132 782 3194 ordine
803 3131 858 3212 qui
887 3127 967 3214 περὶ
994 3120 1209 3214 Ἑλληνισμοῦ
1230 3129 1438 3210 scripserunt,

175 3257 242 3318 quo
264 3256 307 3299 ex
329 3256 463 3300 numero
485 3245 613 3318 praeter
634 3246 759 3300 ceteros
789 3235 916 3299 fuerunt
938 3233 1082 3316 Trypho,
1107 3233 1312 3298 Ptolemaeus
1333 3234 1438 3296 Asca-

175 3341 284 3418 lonita,
297 3341 503 3420 Philoxenus,
513 3341 673 3404 Irenaeus
697 3341 822 3405 Citatur
829 3339 955 3404 Seleuci
967 3339 1047 3415 liber
1057 3339 1107 3402 bis
1122 3341 1206 3420 apud
1217 3339 1438 3406 Athenaeum.

175 3447 213 3509 In
235 3447 254 3510 l.
271 3448 319 3510 IX
340 3472 370 3530 p.
388 3448 477 3527 367a
499 3447 531 3510 in
546 3446 775 3530 Aristophanis
797 3447 893 3529 equit.
917 3467 947 3511 v.
963 3445 1023 3524 631
1049 3445 1137 3508 νᾶπυ
1159 3445 1335 3508 restituitur
1354 3464 1438 3506 voce

175 3550 299 3618 σίναπυ
318 3552 463 3634 expulsa.
501 3553 618 3616 Altero
640 3553 714 3617 loco
735 3553 796 3636 (IX
818 3573 850 3634 p.
876 3553 937 3632 398
947 3553 978 3632 a)
1000 3551 1090 3613 vocis
1110 3533 1198 3628 ταῶς
1219 3549 1438 3632 pronuntiatio

177 3658 366 3740 explicatur,
401 3659 528 3738 quade
556 3680 590 3722 re
613 3660 710 3722 etiam
733 3657 871 3740 Trypho
903 3656 991 3738 apud
1013 3656 1220 3720 Athenaeum
1241 3655 1338 3736 paulo
1361 3663 1438 3718 ante

178 3762 350 3828 Seleucum
372 3764 440 3844 agit
462 3773 495 3826 et
516 3763 671 3845 Apollon.
687 3764 788 3846 Dysc.
812 3771 898 3844 synt.
921 3783 953 3844 p.
972 3777 1043 3842 319.
1076 3761 1196 3825 Noster
1218 3761 1349 3824 omnino
1371 3781 1438 3822 non

177 3867 296 3949 probat
329 3867 640 3952 interaspirationem
669 3868 756 3951 apud
786 3868 933 3941 Atticos,
968 3869 1121 3948 quoniam
1152 3867 1196 3930 ob
1226 3887 1299 3930 eam
1331 3867 1438 3948 ipsam

265 4113 287 4179 ι)
307 4115 401 4166 Confer
419 4117 522 4168 Wilam.
540 4116 663 4179 Antigou.
682 4131 706 4165 v.
726 4114 822 4179 Caryst.
841 4130 867 4178 p.
889 4113 948 4174 278.

264 4202 285 4268 τ)
302 4203 404 4255 Praeter
427 4205 559 4255 Seleucum
578 4203 741 4269 Asclepiades
765 4203 942 4267 grammaticus
961 4197 1014 4267 (Et.
1033 4200 1103 4252 Gud.
1128 4218 1155 4266 p.
1177 4199 1238 4267 355)
1264 4209 1288 4251 et
1311 4201 1440 4263 Didymus

179 4294 255 4360 (Plut.
274 4294 328 4344 Sol.
348 4311 369 4345 c.
394 4291 418 4358 ι)
435 4293 521 4357 legum
540 4293 642 4343 Solonis
660 4291 853 4342 commentarios
870 4291 1030 4352 scripserunt.
