<?xml version="1.0" encoding="UTF-8"?>
<!DOCTYPE html PUBLIC "-//W3C//DTD XHTML 1.0 Transitional//EN"
    "http://www.w3.org/TR/xhtml1/DTD/xhtml1-transitional.dtd">
<html xmlns="http://www.w3.org/1999/xhtml" xml:lang="en" lang="en">
 <head>
  <title>
</title>
<meta http-equiv="Content-Type" content="text/html;charset=utf-8" />
  <meta name='ocr-system' content='tesseract 3.04.00' />
  <meta name='ocr-capabilities' content='ocr_page ocr_carea ocr_par ocr_line ocrx_word'/>
</head>
<body>
  <div class='ocr_page' id='page_1' title='image "./deseleucohomeri00mlgoog_0039.png"; bbox 0 0 3250 4980; ppageno 0'>
   <div class='ocr_carea' id='block_1_1' title="bbox 747 370 957 434">
    <p class='ocr_par' dir='ltr' id='par_1_1' title="bbox 747 370 957 434">
     <span class='ocr_line' id='line_1_1' title="bbox 747 370 957 434; baseline 0 -32"><span class='ocrx_word' id='word_1_1' title='bbox 747 370 957 434; x_wconf 72' lang='lat'>,32-</span> 
     </span>
    </p>
   </div>
   <div class='ocr_carea' id='block_1_2' title="bbox 217 523 1514 3767">
    <p class='ocr_par' dir='ltr' id='par_1_2' title="bbox 217 523 1514 3767">
     <span class='ocr_line' id='line_1_2' title="bbox 222 523 1485 608; baseline 0 -20"><span class='ocrx_word' id='word_1_2' title='bbox 222 525 447 608; x_wconf 79' lang='lat' dir='ltr'>Belzauptung,</span> <span class='ocrx_word' id='word_1_3' title='bbox 471 525 549 606; x_wconf 83' lang='lat' dir='ltr'>dass</span> <span class='ocrx_word' id='word_1_4' title='bbox 571 524 747 588; x_wconf 80' lang='lat' dir='ltr'>Aristarclr</span> <span class='ocrx_word' id='word_1_5' title='bbox 759 525 841 607; x_wconf 75' lang='lat' dir='ltr'>jane</span> <span class='ocrx_word' id='word_1_6' title='bbox 853 526 948 604; x_wconf 77' lang='lat' dir='ltr'>fz&#39;r&#39;nf</span> <span class='ocrx_word' id='word_1_7' title='bbox 963 523 1070 601; x_wconf 77' lang='lat' dir='ltr'>Verre,</span> <span class='ocrx_word' id='word_1_8' title='bbox 1093 544 1157 586; x_wconf 84' lang='lat' dir='ltr'>von</span> <span class='ocrx_word' id='word_1_9' title='bbox 1179 525 1280 586; x_wconf 83' lang='lat' dir='ltr'>denen</span> <span class='ocrx_word' id='word_1_10' title='bbox 1302 546 1342 588; x_wconf 84' lang='lat' dir='ltr'>er</span> <span class='ocrx_word' id='word_1_11' title='bbox 1351 524 1397 607; x_wconf 86' lang='lat' dir='ltr'>ja</span> <span class='ocrx_word' id='word_1_12' title='bbox 1420 545 1485 588; x_wconf 85' lang='lat' dir='ltr'>nur</span> 
     </span>
     <span class='ocr_line' id='line_1_3' title="bbox 223 627 1481 712; baseline -0.001 -18"><span class='ocrx_word' id='word_1_13' title='bbox 223 631 275 694; x_wconf 84' lang='lat' dir='ltr'>die</span> <span class='ocrx_word' id='word_1_14' title='bbox 298 631 371 694; x_wconf 81' lang='lat' dir='ltr'>drei</span> <span class='ocrx_word' id='word_1_15' title='bbox 389 631 502 694; x_wconf 75' lang='lat' dir='ltr'>letnten</span> <span class='ocrx_word' id='word_1_16' title='bbox 525 632 585 694; x_wconf 79' lang='lat' dir='ltr'>der</span> <span class='ocrx_word' id='word_1_17' title='bbox 604 628 704 693; x_wconf 84' lang='lat' dir='ltr'>Stelle</span> <span class='ocrx_word' id='word_1_18' title='bbox 725 630 785 692; x_wconf 84' lang='lat' dir='ltr'>der</span> <span class='ocrx_word' id='word_1_19' title='bbox 804 630 887 694; x_wconf 83' lang='lat' dir='ltr'>Ilias</span> <span class='ocrx_word' id='word_1_20' title='bbox 916 629 1105 694; x_wconf 82' lang='lat' dir='ltr'>entnelrmen</span> <span class='ocrx_word' id='word_1_21' title='bbox 1127 627 1253 706; x_wconf 83' lang='lat' dir='ltr'>konnte,</span> <span class='ocrx_word' id='word_1_22' title='bbox 1283 628 1357 693; x_wconf 82' lang='lat' dir='ltr'>hier</span> <span class='ocrx_word' id='word_1_23' title='bbox 1377 629 1481 712; x_wconf 78' lang='lat' dir='ltr'>einge-</span> 
     </span>
     <span class='ocr_line' id='line_1_4' title="bbox 221 734 1481 816; baseline 0 -18"><span class='ocrx_word' id='word_1_24' title='bbox 221 735 358 798; x_wconf 80' lang='lat' dir='ltr'>schoben</span> <span class='ocrx_word' id='word_1_25' title='bbox 391 736 503 799; x_wconf 75' lang='lat' dir='ltr'>habe«.</span> <span class='ocrx_word' id='word_1_26' title='bbox 557 734 708 798; x_wconf 85' lang='lat' dir='ltr'>Similiter</span> <span class='ocrx_word' id='word_1_27' title='bbox 737 735 941 798; x_wconf 90' lang='lat' dir='ltr'>Ludwichius</span> <span class='ocrx_word' id='word_1_28' title='bbox 971 736 1014 816; x_wconf 90' lang='lat' dir='ltr'>(in</span> <span class='ocrx_word' id='word_1_29' title='bbox 1044 734 1234 797; x_wconf 85' lang='lat' dir='ltr'>Aristarcho</span> <span class='ocrx_word' id='word_1_30' title='bbox 1263 735 1304 796; x_wconf 92' lang='lat' dir='ltr'>ad</span> <span class='ocrx_word' id='word_1_31' title='bbox 1333 737 1363 797; x_wconf 99' lang='grc' dir='ltr'><em>Σ</em></span> <span class='ocrx_word' id='word_1_32' title='bbox 1387 735 1481 816; x_wconf 81' lang='lat'><strong>604):</strong></span> 
     </span>
     <span class='ocr_line' id='line_1_5' title="bbox 223 838 1481 923; baseline -0.001 -20"><span class='ocrx_word' id='word_1_33' title='bbox 223 862 316 904; x_wconf 82' lang='lat' dir='ltr'>wenn</span> <span class='ocrx_word' id='word_1_34' title='bbox 337 841 523 904; x_wconf 74' lang='lat' dir='ltr'><em>Athenaeus</em></span> <span class='ocrx_word' id='word_1_35' title='bbox 549 841 678 921; x_wconf 91' lang='lat' dir='ltr'>(rectius</span> <span class='ocrx_word' id='word_1_36' title='bbox 701 839 868 922; x_wconf 84' lang='lat' dir='ltr'>Seleucus)</span> <span class='ocrx_word' id='word_1_37' title='bbox 895 841 976 904; x_wconf 82' lang='lat' dir='ltr'>aber</span> <span class='ocrx_word' id='word_1_38' title='bbox 1004 840 1170 923; x_wconf 71' lang='lat' dir='ltr'>benngliclr</span> <span class='ocrx_word' id='word_1_39' title='bbox 1199 841 1260 902; x_wconf 87' lang='lat' dir='ltr'>der</span> <span class='ocrx_word' id='word_1_40' title='bbox 1279 838 1481 903; x_wconf 76' lang='lat' dir='ltr'>Aristarchi-</span> 
     </span>
     <span class='ocr_line' id='line_1_6' title="bbox 222 945 1483 1029; baseline -0.001 -21"><span class='ocrx_word' id='word_1_41' title='bbox 222 946 319 1008; x_wconf 78' lang='lat' dir='ltr'>sclzen</span> <span class='ocrx_word' id='word_1_42' title='bbox 341 945 572 1027; x_wconf 63' lang='lat' dir='ltr'>Intemolation</span> <span class='ocrx_word' id='word_1_43' title='bbox 591 945 610 1010; x_wconf 85' lang='grc' dir='ltr'><strong><em>ὁ</em></strong></span> <span class='ocrx_word' id='word_1_44' title='bbox 626 963 747 1029; x_wconf 79' lang='lat'><em>15-19</em></span> <span class='ocrx_word' id='word_1_45' title='bbox 770 966 832 1008; x_wconf 83' lang='lat' dir='ltr'>uns</span> <span class='ocrx_word' id='word_1_46' title='bbox 853 946 906 1008; x_wconf 81' lang='lat' dir='ltr'>ein</span> <span class='ocrx_word' id='word_1_47' title='bbox 925 945 1083 1008; x_wconf 62' lang='lat' dir='ltr'>Marenen</span> <span class='ocrx_word' id='word_1_48' title='bbox 1105 945 1334 1026; x_wconf 77' lang='lat' dir='ltr'>ausgebunden</span> <span class='ocrx_word' id='word_1_49' title='bbox 1361 945 1441 1008; x_wconf 75' lang='lat' dir='ltr'>hat.</span> <span class='ocrx_word' id='word_1_50' title='bbox 1458 993 1483 1019; x_wconf 89' lang='lat'>.,</span> 
     </span>
     <span class='ocr_line' id='line_1_7' title="bbox 223 1049 1514 1132; baseline 0 -20"><span class='ocrx_word' id='word_1_51' title='bbox 223 1072 260 1112; x_wconf 85' lang='lat' dir='ltr'>so</span> <span class='ocrx_word' id='word_1_52' title='bbox 282 1051 376 1132; x_wconf 77' lang='lat' dir='ltr'>weiss</span> <span class='ocrx_word' id='word_1_53' title='bbox 405 1051 456 1116; x_wconf 78' lang='lat' dir='ltr'>ich</span> <span class='ocrx_word' id='word_1_54' title='bbox 489 1051 591 1130; x_wconf 78' lang='lat' dir='ltr'>nicht,</span> <span class='ocrx_word' id='word_1_55' title='bbox 618 1051 681 1114; x_wconf 79' lang='lat' dir='ltr'>mit</span> <span class='ocrx_word' id='word_1_56' title='bbox 706 1050 847 1114; x_wconf 76' lang='lat' dir='ltr'>welchen</span> <span class='ocrx_word' id='word_1_57' title='bbox 873 1049 1027 1114; x_wconf 74' lang='lat' dir='ltr'>Grr&#39;r&#39;nden</span> <span class='ocrx_word' id='word_1_58' title='bbox 1049 1072 1127 1114; x_wconf 90' lang='lat' dir='ltr'>man</span> <span class='ocrx_word' id='word_1_59' title='bbox 1158 1051 1246 1114; x_wconf 80' lang='lat' dir='ltr'>seine</span> <span class='ocrx_word' id='word_1_60' title='bbox 1267 1050 1514 1114; x_wconf 83' lang='lat' dir='ltr'>ebendaselbst.</span> 
     </span>
     <span class='ocr_line' id='line_1_8' title="bbox 223 1154 1483 1239; baseline 0 -21"><span class='ocrx_word' id='word_1_61' title='bbox 223 1160 302 1218; x_wconf 70' lang='lat' dir='ltr'>iiber</span> <span class='ocrx_word' id='word_1_62' title='bbox 331 1158 361 1220; x_wconf 92' lang='grc' dir='ltr'><em>Σ</em></span> <span class='ocrx_word' id='word_1_63' title='bbox 381 1155 445 1238; x_wconf 75' lang='lat'>604</span> <span class='ocrx_word' id='word_1_64' title='bbox 473 1155 645 1238; x_wconf 78' lang='lat' dir='ltr'>gemachte</span> <span class='ocrx_word' id='word_1_65' title='bbox 672 1155 865 1239; x_wconf 80' lang='lat' dir='ltr'>Mz‘tteilung</span> <span class='ocrx_word' id='word_1_66' title='bbox 897 1165 997 1218; x_wconf 81' lang='lat' dir='ltr'>retten</span> <span class='ocrx_word' id='word_1_67' title='bbox 1029 1155 1107 1220; x_wconf 81' lang='lat' dir='ltr'>will.</span> <span class='ocrx_word' id='word_1_68' title='bbox 1161 1154 1355 1219; x_wconf 86' lang='lat' dir='ltr'>Calumniari</span> <span class='ocrx_word' id='word_1_69' title='bbox 1387 1157 1483 1237; x_wconf 90' lang='lat' dir='ltr'>igitur</span> 
     </span>
     <span class='ocr_line' id='line_1_9' title="bbox 222 1260 1481 1342; baseline 0.002 -20"><span class='ocrx_word' id='word_1_70' title='bbox 222 1260 376 1323; x_wconf 89' lang='lat' dir='ltr'>Seleucus</span> <span class='ocrx_word' id='word_1_71' title='bbox 412 1260 527 1324; x_wconf 89' lang='lat' dir='ltr'>dicitur</span> <span class='ocrx_word' id='word_1_72' title='bbox 564 1260 789 1324; x_wconf 84' lang='lat' dir='ltr'>Aristarchum</span> <span class='ocrx_word' id='word_1_73' title='bbox 830 1260 913 1324; x_wconf 89' lang='lat' dir='ltr'>fictis</span> <span class='ocrx_word' id='word_1_74' title='bbox 949 1260 1142 1325; x_wconf 87' lang='lat' dir='ltr'>criminibus.</span> <span class='ocrx_word' id='word_1_75' title='bbox 1195 1261 1313 1336; x_wconf 90' lang='lat' dir='ltr'>Vides,</span> <span class='ocrx_word' id='word_1_76' title='bbox 1359 1271 1481 1342; x_wconf 88' lang='lat' dir='ltr'>quanto</span> 
     </span>
     <span class='ocr_line' id='line_1_10' title="bbox 221 1364 1483 1446; baseline 0.002 -18"><span class='ocrx_word' id='word_1_77' title='bbox 221 1365 348 1428; x_wconf 85' lang='lat' dir='ltr'>diflerat</span> <span class='ocrx_word' id='word_1_78' title='bbox 370 1367 396 1428; x_wconf 91' lang='lat' dir='ltr'>is</span> <span class='ocrx_word' id='word_1_79' title='bbox 410 1364 564 1429; x_wconf 88' lang='lat' dir='ltr'>Seleucus</span> <span class='ocrx_word' id='word_1_80' title='bbox 586 1366 628 1428; x_wconf 93' lang='lat' dir='ltr'>ab</span> <span class='ocrx_word' id='word_1_81' title='bbox 649 1388 689 1429; x_wconf 93' lang='lat' dir='ltr'>eo</span> <span class='ocrx_word' id='word_1_82' title='bbox 712 1386 810 1446; x_wconf 88' lang='lat' dir='ltr'>quem</span> <span class='ocrx_word' id='word_1_83' title='bbox 826 1365 1022 1430; x_wconf 91' lang='lat' dir='ltr'>Schmidtius</span> <span class='ocrx_word' id='word_1_84' title='bbox 1034 1366 1220 1430; x_wconf 81' lang='lat' dir='ltr'>Nachbeter</span> <span class='ocrx_word' id='word_1_85' title='bbox 1240 1372 1294 1431; x_wconf 85' lang='lat' dir='ltr'>des</span> <span class='ocrx_word' id='word_1_86' title='bbox 1306 1367 1483 1431; x_wconf 76' lang='lat' dir='ltr'>Aristarclr</span> 
     </span>
     <span class='ocr_line' id='line_1_11' title="bbox 222 1471 1482 1552; baseline 0.001 -18"><span class='ocrx_word' id='word_1_87' title='bbox 222 1471 408 1534; x_wconf 88' lang='lat' dir='ltr'>nominavit.</span> <span class='ocrx_word' id='word_1_88' title='bbox 453 1471 561 1533; x_wconf 92' lang='lat' dir='ltr'>Verus</span> <span class='ocrx_word' id='word_1_89' title='bbox 590 1473 700 1534; x_wconf 90' lang='lat' dir='ltr'>estin</span> <span class='ocrx_word' id='word_1_90' title='bbox 729 1471 837 1534; x_wconf 90' lang='lat' dir='ltr'>medio</span> <span class='ocrx_word' id='word_1_91' title='bbox 860 1472 942 1534; x_wconf 89' lang='lat' dir='ltr'>inter</span> <span class='ocrx_word' id='word_1_92' title='bbox 963 1471 1080 1534; x_wconf 92' lang='lat' dir='ltr'>horum</span> <span class='ocrx_word' id='word_1_93' title='bbox 1110 1479 1291 1552; x_wconf 91' lang='lat' dir='ltr'>utrumque.</span> <span class='ocrx_word' id='word_1_94' title='bbox 1335 1473 1482 1536; x_wconf 91' lang='lat' dir='ltr'>Pluribus</span> 
     </span>
     <span class='ocr_line' id='line_1_12' title="bbox 220 1575 1480 1658; baseline 0.002 -18"><span class='ocrx_word' id='word_1_95' title='bbox 220 1577 300 1640; x_wconf 93' lang='lat' dir='ltr'>locis</span> <span class='ocrx_word' id='word_1_96' title='bbox 322 1585 432 1658; x_wconf 86' lang='lat' dir='ltr'>aperte</span> <span class='ocrx_word' id='word_1_97' title='bbox 454 1576 633 1640; x_wconf 88' lang='lat' dir='ltr'>Aristarchi</span> <span class='ocrx_word' id='word_1_98' title='bbox 655 1577 792 1658; x_wconf 88' lang='lat' dir='ltr'>vestigia</span> <span class='ocrx_word' id='word_1_99' title='bbox 814 1586 961 1640; x_wconf 89' lang='lat' dir='ltr'>secutum</span> <span class='ocrx_word' id='word_1_100' title='bbox 984 1597 1055 1640; x_wconf 92' lang='lat' dir='ltr'>esse</span> <span class='ocrx_word' id='word_1_101' title='bbox 1077 1575 1248 1640; x_wconf 89' lang='lat' dir='ltr'>Seleucum</span> <span class='ocrx_word' id='word_1_102' title='bbox 1271 1579 1480 1642; x_wconf 91' lang='lat' dir='ltr'>ostendimus.</span> 
     </span>
     <span class='ocr_line' id='line_1_13' title="bbox 222 1682 1481 1770; baseline -0.001 -25"><span class='ocrx_word' id='word_1_103' title='bbox 222 1683 312 1764; x_wconf 88' lang='lat' dir='ltr'>Ergo</span> <span class='ocrx_word' id='word_1_104' title='bbox 333 1682 605 1770; x_wconf 29' lang='lat' dir='ltr'>merae-invidiae</span> <span class='ocrx_word' id='word_1_105' title='bbox 635 1703 733 1746; x_wconf 91' lang='lat' dir='ltr'>causa</span> <span class='ocrx_word' id='word_1_106' title='bbox 755 1683 959 1764; x_wconf 86' lang='lat' dir='ltr'>congessisse</span> <span class='ocrx_word' id='word_1_107' title='bbox 991 1702 1029 1745; x_wconf 91' lang='lat' dir='ltr'>ea</span> <span class='ocrx_word' id='word_1_108' title='bbox 1051 1682 1183 1744; x_wconf 91' lang='lat' dir='ltr'>crimina</span> <span class='ocrx_word' id='word_1_109' title='bbox 1205 1683 1236 1744; x_wconf 92' lang='lat' dir='ltr'>in</span> <span class='ocrx_word' id='word_1_110' title='bbox 1257 1683 1481 1746; x_wconf 86' lang='lat' dir='ltr'>Aristarchum</span> 
     </span>
     <span class='ocr_line' id='line_1_14' title="bbox 220 1787 1481 1869; baseline -0.001 -19"><span class='ocrx_word' id='word_1_111' title='bbox 220 1788 277 1850; x_wconf 88' lang='lat' dir='ltr'>vix</span> <span class='ocrx_word' id='word_1_112' title='bbox 312 1787 474 1869; x_wconf 90' lang='lat' dir='ltr'>putandus</span> <span class='ocrx_word' id='word_1_113' title='bbox 503 1796 561 1850; x_wconf 89' lang='lat' dir='ltr'>est.</span> <span class='ocrx_word' id='word_1_114' title='bbox 614 1787 720 1849; x_wconf 93' lang='lat' dir='ltr'>Immo</span> <span class='ocrx_word' id='word_1_115' title='bbox 753 1787 937 1866; x_wconf 91' lang='lat' dir='ltr'>videamus,</span> <span class='ocrx_word' id='word_1_116' title='bbox 973 1787 1249 1869; x_wconf 90' lang='lat' dir='ltr'>quemadmodum</span> <span class='ocrx_word' id='word_1_117' title='bbox 1280 1787 1380 1850; x_wconf 91' lang='lat' dir='ltr'>verba</span> <span class='ocrx_word' id='word_1_118' title='bbox 1413 1789 1481 1850; x_wconf 90' lang='lat' dir='ltr'>eius</span> 
     </span>
     <span class='ocr_line' id='line_1_15' title="bbox 221 1891 1479 1974; baseline -0.001 -19"><span class='ocrx_word' id='word_1_119' title='bbox 221 1891 438 1974; x_wconf 87' lang='lat' dir='ltr'>explicemus,</span> <span class='ocrx_word' id='word_1_120' title='bbox 479 1913 519 1954; x_wconf 90' lang='lat' dir='ltr'>ne</span> <span class='ocrx_word' id='word_1_121' title='bbox 558 1893 748 1955; x_wconf 89' lang='lat' dir='ltr'>damnemus</span> <span class='ocrx_word' id='word_1_122' title='bbox 784 1913 875 1968; x_wconf 91' lang='lat' dir='ltr'>eum,</span> <span class='ocrx_word' id='word_1_123' title='bbox 911 1902 1085 1973; x_wconf 87' lang='lat' dir='ltr'>antequam</span> <span class='ocrx_word' id='word_1_124' title='bbox 1118 1893 1224 1974; x_wconf 93' lang='lat' dir='ltr'>ipsum</span> <span class='ocrx_word' id='word_1_125' title='bbox 1257 1893 1479 1955; x_wconf 87' lang='lat' dir='ltr'>audiverimus.</span> 
     </span>
     <span class='ocr_line' id='line_1_16' title="bbox 220 1996 1479 2080; baseline 0 -20"><span class='ocrx_word' id='word_1_126' title='bbox 220 1996 286 2060; x_wconf 85' lang='lat' dir='ltr'>Sed</span> <span class='ocrx_word' id='word_1_127' title='bbox 308 1997 473 2060; x_wconf 87' lang='lat' dir='ltr'>latendum</span> <span class='ocrx_word' id='word_1_128' title='bbox 497 1998 602 2079; x_wconf 92' lang='lat' dir='ltr'>primo</span> <span class='ocrx_word' id='word_1_129' title='bbox 617 1999 732 2061; x_wconf 92' lang='lat' dir='ltr'>obtutu</span> <span class='ocrx_word' id='word_1_130' title='bbox 755 1998 851 2080; x_wconf 91' lang='lat' dir='ltr'>plane</span> <span class='ocrx_word' id='word_1_131' title='bbox 866 1999 1025 2061; x_wconf 89' lang='lat' dir='ltr'>contraria</span> <span class='ocrx_word' id='word_1_132' title='bbox 1040 1999 1145 2060; x_wconf 91' lang='lat' dir='ltr'>dicere</span> <span class='ocrx_word' id='word_1_133' title='bbox 1168 2018 1242 2062; x_wconf 91' lang='lat' dir='ltr'>eum</span> <span class='ocrx_word' id='word_1_134' title='bbox 1264 1999 1373 2074; x_wconf 91' lang='lat' dir='ltr'>videri,</span> <span class='ocrx_word' id='word_1_135' title='bbox 1391 1999 1479 2080; x_wconf 90' lang='lat' dir='ltr'>quod</span> 
     </span>
     <span class='ocr_line' id='line_1_17' title="bbox 221 2102 1478 2185; baseline 0 -19"><span class='ocrx_word' id='word_1_136' title='bbox 221 2123 419 2184; x_wconf 87' lang='lat' dir='ltr'>quamquam</span> <span class='ocrx_word' id='word_1_137' title='bbox 444 2125 476 2185; x_wconf 93' lang='lat' dir='ltr'>p.</span> <span class='ocrx_word' id='word_1_138' title='bbox 496 2104 585 2166; x_wconf 92' lang='lat' dir='ltr'>18od</span> <span class='ocrx_word' id='word_1_139' title='bbox 608 2103 683 2166; x_wconf 89' lang='lat' dir='ltr'>dicit</span> <span class='ocrx_word' id='word_1_140' title='bbox 698 2102 924 2166; x_wconf 90' lang='lat' dir='ltr'>Aristarchum</span> <span class='ocrx_word' id='word_1_141' title='bbox 947 2125 991 2166; x_wconf 89' lang='lat' dir='ltr'>ex</span> <span class='ocrx_word' id='word_1_142' title='bbox 1005 2107 1035 2166; x_wconf 94' lang='grc' dir='ltr'><em>Σ</em></span> <span class='ocrx_word' id='word_1_143' title='bbox 1046 2104 1221 2184; x_wconf 89' lang='lat' dir='ltr'>sumpsisse</span> <span class='ocrx_word' id='word_1_144' title='bbox 1236 2125 1288 2168; x_wconf 93' lang='lat' dir='ltr'>vv.</span> <span class='ocrx_word' id='word_1_145' title='bbox 1304 2103 1324 2168; x_wconf 81' lang='lat' dir='ltr'>d</span> <span class='ocrx_word' id='word_1_146' title='bbox 1344 2119 1478 2184; x_wconf 89' lang='lat'>17-19,</span> 
     </span>
     <span class='ocr_line' id='line_1_18' title="bbox 220 2207 1479 2291; baseline 0.001 -21"><span class='ocrx_word' id='word_1_147' title='bbox 220 2218 329 2271; x_wconf 90' lang='lat' dir='ltr'>tamen</span> <span class='ocrx_word' id='word_1_148' title='bbox 344 2229 376 2290; x_wconf 92' lang='lat' dir='ltr'>p.</span> <span class='ocrx_word' id='word_1_149' title='bbox 393 2210 447 2271; x_wconf 92' lang='lat'>181</span> <span class='ocrx_word' id='word_1_150' title='bbox 461 2211 482 2272; x_wconf 94' lang='lat' dir='ltr'>d</span> <span class='ocrx_word' id='word_1_151' title='bbox 497 2209 629 2271; x_wconf 91' lang='lat' dir='ltr'>omnino</span> <span class='ocrx_word' id='word_1_152' title='bbox 643 2230 708 2271; x_wconf 91' lang='lat' dir='ltr'>non</span> <span class='ocrx_word' id='word_1_153' title='bbox 721 2209 886 2291; x_wconf 90' lang='lat' dir='ltr'>scripsisse</span> <span class='ocrx_word' id='word_1_154' title='bbox 901 2207 1126 2272; x_wconf 86' lang='lat' dir='ltr'>Aristarchum</span> <span class='ocrx_word' id='word_1_155' title='bbox 1142 2208 1307 2270; x_wconf 89' lang='lat' dir='ltr'>contendit</span> <span class='ocrx_word' id='word_1_156' title='bbox 1323 2230 1352 2272; x_wconf 93' lang='lat' dir='ltr'>v.</span> <span class='ocrx_word' id='word_1_157' title='bbox 1368 2213 1398 2272; x_wconf 93' lang='grc' dir='ltr'><em>Σ</em></span> <span class='ocrx_word' id='word_1_158' title='bbox 1405 2210 1479 2286; x_wconf 84' lang='grc'>604,</span> 
     </span>
     <span class='ocr_line' id='line_1_19' title="bbox 221 2313 1480 2396; baseline 0 -20"><span class='ocrx_word' id='word_1_159' title='bbox 221 2315 275 2394; x_wconf 91' lang='lat' dir='ltr'>qui</span> <span class='ocrx_word' id='word_1_160' title='bbox 298 2315 384 2378; x_wconf 90' lang='lat' dir='ltr'>idem</span> <span class='ocrx_word' id='word_1_161' title='bbox 405 2323 455 2376; x_wconf 89' lang='lat' dir='ltr'>est</span> <span class='ocrx_word' id='word_1_162' title='bbox 477 2323 575 2394; x_wconf 88' lang='lat' dir='ltr'>atque</span> <span class='ocrx_word' id='word_1_163' title='bbox 598 2314 618 2378; x_wconf 81' lang='lat' dir='ltr'>d</span> <span class='ocrx_word' id='word_1_164' title='bbox 637 2331 683 2396; x_wconf 85' lang='lat'>17.</span> <span class='ocrx_word' id='word_1_165' title='bbox 718 2313 804 2377; x_wconf 89' lang='lat' dir='ltr'>Sane</span> <span class='ocrx_word' id='word_1_166' title='bbox 823 2315 886 2377; x_wconf 92' lang='lat' dir='ltr'>hoc</span> <span class='ocrx_word' id='word_1_167' title='bbox 909 2315 1024 2377; x_wconf 91' lang='lat' dir='ltr'>mirum</span> <span class='ocrx_word' id='word_1_168' title='bbox 1048 2322 1106 2388; x_wconf 90' lang='lat' dir='ltr'>est,</span> <span class='ocrx_word' id='word_1_169' title='bbox 1130 2315 1187 2376; x_wconf 92' lang='lat' dir='ltr'>sed</span> <span class='ocrx_word' id='word_1_170' title='bbox 1206 2314 1305 2376; x_wconf 90' lang='lat' dir='ltr'>nostri</span> <span class='ocrx_word' id='word_1_171' title='bbox 1328 2313 1480 2376; x_wconf 88' lang='lat' dir='ltr'>Homeri-</span> 
     </span>
     <span class='ocr_line' id='line_1_20' title="bbox 222 2418 1481 2502; baseline 0.002 -20"><span class='ocrx_word' id='word_1_172' title='bbox 222 2440 332 2484; x_wconf 90' lang='lat' dir='ltr'>corum</span> <span class='ocrx_word' id='word_1_173' title='bbox 366 2419 543 2483; x_wconf 89' lang='lat' dir='ltr'>carminum</span> <span class='ocrx_word' id='word_1_174' title='bbox 576 2420 647 2482; x_wconf 90' lang='lat' dir='ltr'>libri</span> <span class='ocrx_word' id='word_1_175' title='bbox 675 2420 816 2502; x_wconf 86' lang='lat' dir='ltr'>probant</span> <span class='ocrx_word' id='word_1_176' title='bbox 847 2418 974 2482; x_wconf 89' lang='lat' dir='ltr'>Seleuci</span> <span class='ocrx_word' id='word_1_177' title='bbox 1005 2419 1233 2494; x_wconf 90' lang='lat' dir='ltr'>testimonium,</span> <span class='ocrx_word' id='word_1_178' title='bbox 1271 2438 1347 2480; x_wconf 91' lang='lat' dir='ltr'>nam</span> <span class='ocrx_word' id='word_1_179' title='bbox 1376 2419 1481 2484; x_wconf 90' lang='lat' dir='ltr'>nullus</span> 
     </span>
     <span class='ocr_line' id='line_1_21' title="bbox 221 2522 1479 2604; baseline 0 -18"><span class='ocrx_word' id='word_1_180' title='bbox 221 2546 334 2587; x_wconf 92' lang='lat' dir='ltr'>eorum</span> <span class='ocrx_word' id='word_1_181' title='bbox 350 2527 493 2588; x_wconf 91' lang='lat' dir='ltr'>continet</span> <span class='ocrx_word' id='word_1_182' title='bbox 507 2547 636 2588; x_wconf 91' lang='lat' dir='ltr'>versum</span> <span class='ocrx_word' id='word_1_183' title='bbox 654 2531 684 2590; x_wconf 98' lang='grc' dir='ltr'><em>Σ</em></span> <span class='ocrx_word' id='word_1_184' title='bbox 695 2527 768 2602; x_wconf 85' lang='grc'><strong>604,</strong></span> <span class='ocrx_word' id='word_1_185' title='bbox 792 2545 906 2588; x_wconf 90' lang='lat' dir='ltr'>omnes</span> <span class='ocrx_word' id='word_1_186' title='bbox 928 2545 1039 2586; x_wconf 91' lang='lat' dir='ltr'>versus</span> <span class='ocrx_word' id='word_1_187' title='bbox 1062 2522 1082 2587; x_wconf 82' lang='lat' dir='ltr'>d</span> <span class='ocrx_word' id='word_1_188' title='bbox 1100 2538 1234 2604; x_wconf 82' lang='lat'>15—19.</span> <span class='ocrx_word' id='word_1_189' title='bbox 1269 2524 1379 2587; x_wconf 93' lang='lat' dir='ltr'>Audio</span> <span class='ocrx_word' id='word_1_190' title='bbox 1396 2525 1479 2586; x_wconf 91' lang='lat' dir='ltr'>Lud-</span> 
     </span>
     <span class='ocr_line' id='line_1_22' title="bbox 221 2629 1481 2712; baseline 0.001 -20"><span class='ocrx_word' id='word_1_191' title='bbox 221 2631 379 2706; x_wconf 88' lang='lat' dir='ltr'>wichium,</span> <span class='ocrx_word' id='word_1_192' title='bbox 411 2632 465 2712; x_wconf 92' lang='lat' dir='ltr'>qui</span> <span class='ocrx_word' id='word_1_193' title='bbox 488 2631 547 2694; x_wconf 89' lang='lat' dir='ltr'>ait:</span> <span class='ocrx_word' id='word_1_194' title='bbox 585 2633 660 2712; x_wconf 87' lang='lat' dir='ltr'>dass</span> <span class='ocrx_word' id='word_1_195' title='bbox 682 2641 753 2695; x_wconf 84' lang='lat' dir='ltr'>erst</span> <span class='ocrx_word' id='word_1_196' title='bbox 772 2629 948 2694; x_wconf 72' lang='lat' dir='ltr'>Aristarclr</span> <span class='ocrx_word' id='word_1_197' title='bbox 976 2629 1033 2692; x_wconf 71' lang='lat' dir='ltr'>iim</span> <span class='ocrx_word' id='word_1_198' title='bbox 1055 2630 1098 2708; x_wconf 86' lang='grc' dir='ltr'>(Σ</span> <span class='ocrx_word' id='word_1_199' title='bbox 1115 2629 1192 2710; x_wconf 90' lang='lat'><strong>604)</strong></span> <span class='ocrx_word' id='word_1_200' title='bbox 1214 2632 1357 2710; x_wconf 77' lang='lat' dir='ltr'>entfernt</span> <span class='ocrx_word' id='word_1_201' title='bbox 1375 2631 1481 2693; x_wconf 77' lang='lat' dir='ltr'>haben</span> 
     </span>
     <span class='ocr_line' id='line_1_23' title="bbox 222 2734 1482 2818; baseline -0.002 -18"><span class='ocrx_word' id='word_1_202' title='bbox 222 2738 321 2814; x_wconf 81' lang='lat' dir='ltr'>sollte,</span> <span class='ocrx_word' id='word_1_203' title='bbox 343 2737 431 2800; x_wconf 75' lang='lat' dir='ltr'>holte</span> <span class='ocrx_word' id='word_1_204' title='bbox 452 2737 502 2798; x_wconf 77' lang='lat' dir='ltr'>ich</span> <span class='ocrx_word' id='word_1_205' title='bbox 517 2737 569 2799; x_wconf 75' lang='lat' dir='ltr'>bei</span> <span class='ocrx_word' id='word_1_206' title='bbox 586 2738 659 2800; x_wconf 75' lang='lat' dir='ltr'>dem</span> <span class='ocrx_word' id='word_1_207' title='bbox 681 2735 955 2800; x_wconf 79' lang='lat' dir='ltr'>verschzuz‘ndend</span> <span class='ocrx_word' id='word_1_208' title='bbox 966 2734 1124 2818; x_wconf 81' lang='lat' dir='ltr'>geringen</span> <span class='ocrx_word' id='word_1_209' title='bbox 1139 2734 1292 2816; x_wconf 72' lang='lat' dir='ltr'>Einfluſsr,</span> <span class='ocrx_word' id='word_1_210' title='bbox 1313 2735 1372 2797; x_wconf 80' lang='lat' dir='ltr'>den</span> <span class='ocrx_word' id='word_1_211' title='bbox 1393 2737 1482 2798; x_wconf 82' lang='lat' dir='ltr'>seine</span> 
     </span>
     <span class='ocr_line' id='line_1_24' title="bbox 222 2839 1481 2924; baseline 0 -20"><span class='ocrx_word' id='word_1_212' title='bbox 222 2843 390 2906; x_wconf 74' lang='lat' dir='ltr'>Athetesen</span> <span class='ocrx_word' id='word_1_213' title='bbox 411 2844 480 2922; x_wconf 86' lang='lat' dir='ltr'>auf</span> <span class='ocrx_word' id='word_1_214' title='bbox 493 2843 555 2904; x_wconf 85' lang='lat' dir='ltr'>den</span> <span class='ocrx_word' id='word_1_215' title='bbox 579 2851 726 2924; x_wconf 75' lang='lat' dir='ltr'>spdteren</span> <span class='ocrx_word' id='word_1_216' title='bbox 741 2841 939 2904; x_wconf 76' lang='lat' dir='ltr'>Homertext</span> <span class='ocrx_word' id='word_1_217' title='bbox 953 2839 1116 2916; x_wconf 74' lang='lat' dir='ltr'>ausz&#39;r&#39;bten,</span> <span class='ocrx_word' id='word_1_218' title='bbox 1130 2841 1199 2919; x_wconf 69' lang='lat' dir='ltr'>fair</span> <span class='ocrx_word' id='word_1_219' title='bbox 1214 2861 1306 2922; x_wconf 78' lang='lat' dir='ltr'>ganz</span> <span class='ocrx_word' id='word_1_220' title='bbox 1327 2841 1481 2905; x_wconf 77' lang='lat' dir='ltr'>unwanr·</span> 
     </span>
     <span class='ocr_line' id='line_1_25' title="bbox 221 2945 1481 3028; baseline -0.002 -18"><span class='ocrx_word' id='word_1_221' title='bbox 221 2947 405 3013; x_wconf 77' lang='lat' dir='ltr'>scher&#39;nlz&#39;clz.</span> <span class='ocrx_word' id='word_1_222' title='bbox 452 2946 517 3010; x_wconf 88' lang='lat' dir='ltr'>Sed</span> <span class='ocrx_word' id='word_1_223' title='bbox 551 2949 591 3010; x_wconf 91' lang='lat' dir='ltr'>de</span> <span class='ocrx_word' id='word_1_224' title='bbox 623 2948 684 3010; x_wconf 92' lang='lat' dir='ltr'>hac</span> <span class='ocrx_word' id='word_1_225' title='bbox 717 2968 768 3022; x_wconf 92' lang='lat' dir='ltr'>re,</span> <span class='ocrx_word' id='word_1_226' title='bbox 803 2948 857 3028; x_wconf 93' lang='lat' dir='ltr'>qui</span> <span class='ocrx_word' id='word_1_227' title='bbox 891 2967 956 3008; x_wconf 91' lang='lat' dir='ltr'>non</span> <span class='ocrx_word' id='word_1_228' title='bbox 989 2945 1184 3025; x_wconf 88' lang='lat' dir='ltr'>praeiudicio</span> <span class='ocrx_word' id='word_1_229' title='bbox 1218 2955 1396 3026; x_wconf 91' lang='lat' dir='ltr'>occupatus</span> <span class='ocrx_word' id='word_1_230' title='bbox 1429 2947 1481 3022; x_wconf 90' lang='lat' dir='ltr'>sit,</span> 
     </span>
     <span class='ocr_line' id='line_1_26' title="bbox 221 3051 1482 3132; baseline 0 -18"><span class='ocrx_word' id='word_1_231' title='bbox 221 3054 413 3116; x_wconf 88' lang='lat' dir='ltr'>assentietur</span> <span class='ocrx_word' id='word_1_232' title='bbox 441 3053 690 3115; x_wconf 87' lang='lat' dir='ltr'>Wilamowitzio</span> <span class='ocrx_word' id='word_1_233' title='bbox 721 3052 832 3132; x_wconf 90' lang='lat' dir='ltr'>(Hom.</span> <span class='ocrx_word' id='word_1_234' title='bbox 863 3061 980 3114; x_wconf 82' lang='lat' dir='ltr'>unters</span> <span class='ocrx_word' id='word_1_235' title='bbox 1010 3071 1041 3132; x_wconf 94' lang='lat' dir='ltr'>p.</span> <span class='ocrx_word' id='word_1_236' title='bbox 1068 3051 1157 3131; x_wconf 83' lang='lat'>387):</span> <span class='ocrx_word' id='word_1_237' title='bbox 1196 3051 1244 3112; x_wconf 85' lang='lat' dir='ltr'>sie</span> <span class='ocrx_word' id='word_1_238' title='bbox 1276 3051 1343 3130; x_wconf 80' lang='lat' dir='ltr'>(die</span> <span class='ocrx_word' id='word_1_239' title='bbox 1371 3051 1482 3114; x_wconf 81' lang='lat' dir='ltr'>Arist-</span> 
     </span>
     <span class='ocr_line' id='line_1_27' title="bbox 222 3148 1484 3241; baseline -0.002 -21"><span class='ocrx_word' id='word_1_240' title='bbox 222 3158 391 3222; x_wconf 75' lang='lat' dir='ltr'>archische</span> <span class='ocrx_word' id='word_1_241' title='bbox 400 3159 521 3239; x_wconf 78' lang='lat' dir='ltr'>Lehre)</span> <span class='ocrx_word' id='word_1_242' title='bbox 537 3159 653 3221; x_wconf 82' lang='lat' dir='ltr'>bz&#39;ldete</span> <span class='ocrx_word' id='word_1_243' title='bbox 667 3158 728 3220; x_wconf 85' lang='lat' dir='ltr'>den</span> <span class='ocrx_word' id='word_1_244' title='bbox 739 3157 852 3220; x_wconf 75' lang='lat' dir='ltr'>Inhalt</span> <span class='ocrx_word' id='word_1_245' title='bbox 864 3157 923 3219; x_wconf 83' lang='lat' dir='ltr'>der</span> <span class='ocrx_word' id='word_1_246' title='bbox 931 3148 1134 3241; x_wconf 72' lang='grc' dir='ltr'><em>παράδοσις,</em></span> <span class='ocrx_word' id='word_1_247' title='bbox 1148 3155 1290 3218; x_wconf 77' lang='lat' dir='ltr'>welcher</span> <span class='ocrx_word' id='word_1_248' title='bbox 1302 3176 1344 3218; x_wconf 75' lang='lat' dir='ltr'>zu</span> <span class='ocrx_word' id='word_1_249' title='bbox 1350 3156 1484 3238; x_wconf 79' lang='lat' dir='ltr'>fulgen,</span> 
     </span>
     <span class='ocr_line' id='line_1_28' title="bbox 220 3259 1479 3343; baseline -0.002 -17"><span class='ocrx_word' id='word_1_250' title='bbox 220 3265 304 3326; x_wconf 75' lang='lat' dir='ltr'>auch</span> <span class='ocrx_word' id='word_1_251' title='bbox 324 3286 374 3326; x_wconf 81' lang='lat' dir='ltr'>wo</span> <span class='ocrx_word' id='word_1_252' title='bbox 397 3265 445 3326; x_wconf 84' lang='lat' dir='ltr'>sie</span> <span class='ocrx_word' id='word_1_253' title='bbox 469 3264 604 3328; x_wconf 74' lang='lat' dir='ltr'>unrecln</span> <span class='ocrx_word' id='word_1_254' title='bbox 630 3263 727 3340; x_wconf 77' lang='lat' dir='ltr'>hatte,</span> <span class='ocrx_word' id='word_1_255' title='bbox 762 3263 815 3325; x_wconf 82' lang='lat' dir='ltr'>die</span> <span class='ocrx_word' id='word_1_256' title='bbox 838 3270 965 3343; x_wconf 75' lang='lat' dir='ltr'>spdtere</span> <span class='ocrx_word' id='word_1_257' title='bbox 991 3259 1200 3324; x_wconf 80' lang='lat' dir='ltr'>Grammatik</span> <span class='ocrx_word' id='word_1_258' title='bbox 1223 3261 1394 3342; x_wconf 79' lang='lat' dir='ltr'>ungeniert</span> <span class='ocrx_word' id='word_1_259' title='bbox 1413 3262 1479 3323; x_wconf 84' lang='lat' dir='ltr'>ein-</span> 
     </span>
     <span class='ocr_line' id='line_1_29' title="bbox 217 3365 1482 3452; baseline -0.002 -20"><span class='ocrx_word' id='word_1_260' title='bbox 217 3371 367 3452; x_wconf 84' lang='lat' dir='ltr'>gestand.</span> <span class='ocrx_word' id='word_1_261' title='bbox 412 3369 486 3431; x_wconf 93' lang='lat' dir='ltr'>Hoc</span> <span class='ocrx_word' id='word_1_262' title='bbox 508 3369 625 3433; x_wconf 88' lang='lat' dir='ltr'>saltem</span> <span class='ocrx_word' id='word_1_263' title='bbox 647 3377 783 3444; x_wconf 90' lang='lat' dir='ltr'>constat,</span> <span class='ocrx_word' id='word_1_264' title='bbox 814 3365 987 3430; x_wconf 89' lang='lat' dir='ltr'>Seleucum</span> <span class='ocrx_word' id='word_1_265' title='bbox 1009 3366 1086 3429; x_wconf 92' lang='lat' dir='ltr'>illud</span> <span class='ocrx_word' id='word_1_266' title='bbox 1109 3365 1303 3429; x_wconf 90' lang='lat' dir='ltr'>contendere</span> <span class='ocrx_word' id='word_1_267' title='bbox 1326 3387 1432 3448; x_wconf 89' lang='lat' dir='ltr'>neque</span> <span class='ocrx_word' id='word_1_268' title='bbox 1453 3368 1482 3429; x_wconf 88' lang='lat' dir='ltr'>is</span> 
     </span>
     <span class='ocr_line' id='line_1_30' title="bbox 222 3468 1484 3556; baseline -0.001 -20"><span class='ocrx_word' id='word_1_269' title='bbox 222 3475 275 3555; x_wconf 91' lang='lat' dir='ltr'>qui</span> <span class='ocrx_word' id='word_1_270' title='bbox 298 3475 522 3537; x_wconf 84' lang='lat' dir='ltr'>Aristarchum</span> <span class='ocrx_word' id='word_1_271' title='bbox 553 3475 766 3556; x_wconf 84' lang='lat' dir='ltr'>sagacissimis</span> <span class='ocrx_word' id='word_1_272' title='bbox 793 3473 897 3537; x_wconf 88' lang='lat' dir='ltr'>causis</span> <span class='ocrx_word' id='word_1_273' title='bbox 926 3471 1171 3555; x_wconf 87' lang='lat' dir='ltr'>impugnaverit,</span> <span class='ocrx_word' id='word_1_274' title='bbox 1206 3478 1241 3532; x_wconf 92' lang='lat' dir='ltr'>ut</span> <span class='ocrx_word' id='word_1_275' title='bbox 1263 3468 1326 3533; x_wconf 94' lang='lat' dir='ltr'>hoc</span> <span class='ocrx_word' id='word_1_276' title='bbox 1349 3471 1422 3535; x_wconf 93' lang='lat' dir='ltr'>loco</span> <span class='ocrx_word' id='word_1_277' title='bbox 1448 3482 1484 3536; x_wconf 92' lang='lat' dir='ltr'>et</span> 
     </span>
     <span class='ocr_line' id='line_1_31' title="bbox 221 3575 1482 3663; baseline -0.002 -21"><span class='ocrx_word' id='word_1_278' title='bbox 221 3579 341 3642; x_wconf 88' lang='lat' dir='ltr'>Athen.</span> <span class='ocrx_word' id='word_1_279' title='bbox 364 3580 398 3642; x_wconf 94' lang='lat' dir='ltr'>V</span> <span class='ocrx_word' id='word_1_280' title='bbox 420 3601 452 3663; x_wconf 91' lang='lat' dir='ltr'>p.</span> <span class='ocrx_word' id='word_1_281' title='bbox 480 3579 568 3656; x_wconf 80' lang='lat' dir='ltr'>188f,</span> <span class='ocrx_word' id='word_1_282' title='bbox 597 3590 665 3643; x_wconf 89' lang='lat' dir='ltr'>tam</span> <span class='ocrx_word' id='word_1_283' title='bbox 694 3581 819 3660; x_wconf 89' lang='lat' dir='ltr'>ineptas</span> <span class='ocrx_word' id='word_1_284' title='bbox 848 3578 907 3641; x_wconf 92' lang='lat' dir='ltr'>sibi</span> <span class='ocrx_word' id='word_1_285' title='bbox 934 3577 1066 3641; x_wconf 89' lang='lat' dir='ltr'>finxisse</span> <span class='ocrx_word' id='word_1_286' title='bbox 1095 3575 1271 3638; x_wconf 87' lang='lat' dir='ltr'>calumnias</span> <span class='ocrx_word' id='word_1_287' title='bbox 1300 3578 1482 3640; x_wconf 91' lang='lat' dir='ltr'>censendus</span> 
     </span>
     <span class='ocr_line' id='line_1_32' title="bbox 222 3681 1484 3767; baseline -0.001 -21"><span class='ocrx_word' id='word_1_288' title='bbox 222 3694 280 3760; x_wconf 91' lang='lat' dir='ltr'>est,</span> <span class='ocrx_word' id='word_1_289' title='bbox 312 3694 347 3747; x_wconf 92' lang='lat' dir='ltr'>ut</span> <span class='ocrx_word' id='word_1_290' title='bbox 371 3687 590 3767; x_wconf 91' lang='lat' dir='ltr'>unusquisque</span> <span class='ocrx_word' id='word_1_291' title='bbox 619 3706 674 3748; x_wconf 91' lang='lat' dir='ltr'>eas</span> <span class='ocrx_word' id='word_1_292' title='bbox 702 3685 884 3766; x_wconf 88' lang='lat' dir='ltr'>perspiciat.</span> <span class='ocrx_word' id='word_1_293' title='bbox 929 3682 995 3747; x_wconf 88' lang='lat' dir='ltr'>Sed</span> <span class='ocrx_word' id='word_1_294' title='bbox 1025 3685 1089 3748; x_wconf 91' lang='lat' dir='ltr'>iam</span> <span class='ocrx_word' id='word_1_295' title='bbox 1111 3687 1249 3748; x_wconf 93' lang='lat' dir='ltr'>vidimus</span> <span class='ocrx_word' id='word_1_296' title='bbox 1278 3682 1398 3764; x_wconf 90' lang='lat' dir='ltr'>ubique</span> <span class='ocrx_word' id='word_1_297' title='bbox 1421 3681 1484 3745; x_wconf 90' lang='lat' dir='ltr'>Se-</span> 
     </span>
    </p>
   </div>
   <div class='ocr_carea' id='block_1_3' title="bbox 220 3787 1485 4400">
    <p class='ocr_par' dir='ltr' id='par_1_3' title="bbox 220 3787 1485 4400">
     <span class='ocr_line' id='line_1_33' title="bbox 222 3787 1484 3873; baseline -0.002 -21"><span class='ocrx_word' id='word_1_298' title='bbox 222 3789 349 3853; x_wconf 91' lang='lat' dir='ltr'>leucum</span> <span class='ocrx_word' id='word_1_299' title='bbox 372 3791 597 3871; x_wconf 85' lang='lat' dir='ltr'>manuscriptis</span> <span class='ocrx_word' id='word_1_300' title='bbox 627 3792 692 3853; x_wconf 92' lang='lat' dir='ltr'>suis</span> <span class='ocrx_word' id='word_1_301' title='bbox 717 3789 812 3852; x_wconf 89' lang='lat' dir='ltr'>valde</span> <span class='ocrx_word' id='word_1_302' title='bbox 839 3809 910 3851; x_wconf 89' lang='lat' dir='ltr'>esse</span> <span class='ocrx_word' id='word_1_303' title='bbox 936 3789 1104 3854; x_wconf 88' lang='lat' dir='ltr'>confisum.</span> <span class='ocrx_word' id='word_1_304' title='bbox 1148 3792 1238 3873; x_wconf 91' lang='lat' dir='ltr'>Ergo</span> <span class='ocrx_word' id='word_1_305' title='bbox 1259 3792 1300 3854; x_wconf 93' lang='lat' dir='ltr'>de</span> <span class='ocrx_word' id='word_1_306' title='bbox 1329 3789 1379 3851; x_wconf 94' lang='lat' dir='ltr'>his</span> <span class='ocrx_word' id='word_1_307' title='bbox 1402 3787 1484 3850; x_wconf 88' lang='lat' dir='ltr'>locis</span> 
     </span>
     <span class='ocr_line' id='line_1_34' title="bbox 220 3893 1485 3978; baseline 0.001 -24"><span class='ocrx_word' id='word_1_308' title='bbox 220 3893 307 3955; x_wconf 93' lang='lat' dir='ltr'>idem</span> <span class='ocrx_word' id='word_1_309' title='bbox 329 3895 489 3958; x_wconf 87' lang='lat' dir='ltr'>existimo.</span> <span class='ocrx_word' id='word_1_310' title='bbox 534 3895 707 3958; x_wconf 91' lang='lat' dir='ltr'>Librorum</span> <span class='ocrx_word' id='word_1_311' title='bbox 730 3905 839 3958; x_wconf 93' lang='lat' dir='ltr'>autem</span> <span class='ocrx_word' id='word_1_312' title='bbox 862 3897 1087 3959; x_wconf 89' lang='lat' dir='ltr'>auctoritatem</span> <span class='ocrx_word' id='word_1_313' title='bbox 1110 3897 1209 3978; x_wconf 92' lang='lat' dir='ltr'>pluris</span> <span class='ocrx_word' id='word_1_314' title='bbox 1231 3915 1305 3958; x_wconf 90' lang='lat' dir='ltr'>eum</span> <span class='ocrx_word' id='word_1_315' title='bbox 1328 3894 1485 3957; x_wconf 82' lang='lat' dir='ltr'>aestima-</span> 
     </span>
     <span class='ocr_line' id='line_1_35' title="bbox 221 3993 1484 4084; baseline 0.001 -24"><span class='ocrx_word' id='word_1_316' title='bbox 221 3999 305 4062; x_wconf 89' lang='lat' dir='ltr'>visse</span> <span class='ocrx_word' id='word_1_317' title='bbox 328 4020 426 4081; x_wconf 90' lang='lat' dir='ltr'>quam</span> <span class='ocrx_word' id='word_1_318' title='bbox 444 3999 629 4075; x_wconf 89' lang='lat' dir='ltr'>Aristarchi,</span> <span class='ocrx_word' id='word_1_319' title='bbox 653 4002 750 4063; x_wconf 89' lang='lat' dir='ltr'>etiam</span> <span class='ocrx_word' id='word_1_320' title='bbox 771 4021 814 4062; x_wconf 87' lang='lat' dir='ltr'>ex</span> <span class='ocrx_word' id='word_1_321' title='bbox 833 4000 1002 4081; x_wconf 90' lang='lat' dir='ltr'>Apollonii</span> <span class='ocrx_word' id='word_1_322' title='bbox 1023 4001 1078 4064; x_wconf 94' lang='lat' dir='ltr'>illo</span> <span class='ocrx_word' id='word_1_323' title='bbox 1101 4001 1175 4064; x_wconf 93' lang='lat' dir='ltr'>loco</span> <span class='ocrx_word' id='word_1_324' title='bbox 1197 3993 1308 4084; x_wconf 88' lang='lat' dir='ltr'>potest</span> <span class='ocrx_word' id='word_1_325' title='bbox 1329 3999 1484 4080; x_wconf 86' lang='lat' dir='ltr'>intellegi,</span> 
     </span>
     <span class='ocr_line' id='line_1_36' title="bbox 221 4103 1483 4194; baseline -0.002 -26"><span class='ocrx_word' id='word_1_326' title='bbox 221 4126 287 4188; x_wconf 89' lang='lat' dir='ltr'>quo</span> <span class='ocrx_word' id='word_1_327' title='bbox 316 4103 410 4194; x_wconf 81' lang='grc' dir='ltr'><em>σφωΐ</em></span> <span class='ocrx_word' id='word_1_328' title='bbox 438 4116 552 4170; x_wconf 89' lang='lat' dir='ltr'>contra</span> <span class='ocrx_word' id='word_1_329' title='bbox 574 4106 798 4169; x_wconf 89' lang='lat' dir='ltr'>Aristarchum</span> <span class='ocrx_word' id='word_1_330' title='bbox 829 4105 979 4170; x_wconf 82' lang='lat' dir='ltr'>defendit.</span> <span class='ocrx_word' id='word_1_331' title='bbox 1020 4106 1090 4169; x_wconf 91' lang='lat' dir='ltr'>Iam</span> <span class='ocrx_word' id='word_1_332' title='bbox 1120 4115 1191 4169; x_wconf 91' lang='lat' dir='ltr'>tota</span> <span class='ocrx_word' id='word_1_333' title='bbox 1217 4105 1388 4169; x_wconf 86' lang='lat' dir='ltr'>difficultas</span> <span class='ocrx_word' id='word_1_334' title='bbox 1418 4103 1483 4167; x_wconf 92' lang='lat' dir='ltr'>hoc</span> 
     </span>
     <span class='ocr_line' id='line_1_37' title="bbox 221 4210 1483 4292; baseline -0.002 -18"><span class='ocrx_word' id='word_1_335' title='bbox 221 4213 321 4275; x_wconf 94' lang='lat' dir='ltr'>modo</span> <span class='ocrx_word' id='word_1_336' title='bbox 351 4212 506 4276; x_wconf 90' lang='lat' dir='ltr'>solvenda</span> <span class='ocrx_word' id='word_1_337' title='bbox 536 4233 607 4276; x_wconf 89' lang='lat' dir='ltr'>esse</span> <span class='ocrx_word' id='word_1_338' title='bbox 636 4213 778 4274; x_wconf 91' lang='lat' dir='ltr'>videtur:</span> <span class='ocrx_word' id='word_1_339' title='bbox 814 4210 968 4274; x_wconf 90' lang='lat' dir='ltr'>Seleucus</span> <span class='ocrx_word' id='word_1_340' title='bbox 996 4211 1028 4273; x_wconf 92' lang='lat' dir='ltr'>in</span> <span class='ocrx_word' id='word_1_341' title='bbox 1061 4212 1126 4274; x_wconf 92' lang='lat' dir='ltr'>suis</span> <span class='ocrx_word' id='word_1_342' title='bbox 1159 4211 1382 4292; x_wconf 90' lang='lat' dir='ltr'>manuscriptis</span> <span class='ocrx_word' id='word_1_343' title='bbox 1415 4230 1483 4272; x_wconf 92' lang='lat' dir='ltr'>non</span> 
     </span>
     <span class='ocr_line' id='line_1_38' title="bbox 220 4315 1485 4400; baseline 0.001 -21"><span class='ocrx_word' id='word_1_344' title='bbox 220 4319 339 4381; x_wconf 91' lang='lat' dir='ltr'>invenit</span> <span class='ocrx_word' id='word_1_345' title='bbox 360 4339 412 4381; x_wconf 91' lang='lat' dir='ltr'>vv.</span> <span class='ocrx_word' id='word_1_346' title='bbox 437 4318 457 4383; x_wconf 80' lang='lat' dir='ltr'>d</span> <span class='ocrx_word' id='word_1_347' title='bbox 476 4333 609 4400; x_wconf 81' lang='lat'>15-19,</span> <span class='ocrx_word' id='word_1_348' title='bbox 633 4317 752 4380; x_wconf 92' lang='lat' dir='ltr'>invenit</span> <span class='ocrx_word' id='word_1_349' title='bbox 773 4319 803 4380; x_wconf 91' lang='grc' dir='ltr'><em>Σ</em></span> <span class='ocrx_word' id='word_1_350' title='bbox 822 4317 895 4393; x_wconf 88' lang='lat'>604.</span> <span class='ocrx_word' id='word_1_351' title='bbox 940 4317 983 4379; x_wconf 87' lang='lat' dir='ltr'>Et</span> <span class='ocrx_word' id='word_1_352' title='bbox 1004 4315 1234 4398; x_wconf 89' lang='lat' dir='ltr'>Aristophanis</span> <span class='ocrx_word' id='word_1_353' title='bbox 1256 4315 1485 4380; x_wconf 86' lang='lat' dir='ltr'>auctoritatem</span> 
     </span>
    </p>
   </div>
   <div class='ocr_carea' id='block_1_4' title="bbox 0 0 1630 4980">
    <p class='ocr_par' dir='ltr' id='par_1_4' title="bbox 0 0 1630 4980">
     <span class='ocr_line' id='line_1_39' title="bbox 0 0 1630 4980; baseline 0 0"><span class='ocrx_word' id='word_1_354' title='bbox 0 0 1630 4980; x_wconf 95' lang='lat' dir='ltr'> </span> 
     </span>
    </p>
   </div>
  </div>
 </body>
</html>
