3250 4980
724 357 934 419 ,40-

199 508 249 576 ἔτι
277 510 315 576 δὲ
345 509 402 576 καί
428 506 465 574 τὸ
494 507 595 576 ἕωλον
624 513 679 596 τῆς
712 510 903 594 συμποσίας
930 504 989 577 οῦκ
1021 510 1301 594 ἐπιλογιζόμενος.
1340 510 1458 578 ἔπειτα

170 615 173 622 ’
199 615 322 682 κελεύει
346 611 500 705 γράφειν·
529 612 629 682 νδοιώ
653 615 691 681 δὲ
713 619 924 703 κυβιστητῆρε
945 611 1028 681 καθ’
1055 610 1203 696 αῦτοόςκ,
1236 614 1270 681 ἐν
1292 621 1338 704 τηῦ
1361 618 1458 684 δασεῖ

199 717 374 806 γράμματι,
408 720 609 812 σολοικίζειν
642 715 840 807 άναγκάζων.
873 716 911 787 τὸ
944 720 1004 803 μὲν
1037 717 1098 806 γὰρ
1128 718 1201 786 κατ’
1229 718 1345 801 αῦτοῦς
1375 721 1458 789 κατὰ

198 829 288 910 σφᾶς
310 825 398 891 ἐστιν
417 822 543 904 αῦτοάς,
565 822 602 894 τὸ
626 826 663 892 δέ
685 828 790 912 λέγειν
813 822 946 905 ἑαυτοὺς
967 822 1129 892 σόλοικον.
1153 819 1229 891 ἀλλ’
1248 823 1330 914 ὅπερ
1351 823 1457 908 εἶπον,

197 924 304 1020 ἦτιῦν
327 927 544 1016 ἀκροαμάτων
566 929 613 1012 είς
634 930 671 998 τὸ
694 935 827 1021 σιῦφρον
848 934 943 997 τοῦτο
966 926 1153 1013 συμπόσιον
1183 928 1343 1020 εἶςαγωγη
1373 959 1457 1019 παρ-

199 1034 361 1126 έγγραφός
377 1034 467 1102 ἐστιν
489 1037 525 1104 ἐκ
543 1041 601 1104 τοῦ
616 1042 783 1123 Κρητικοῦ
805 1040 902 1118 χοροῦ
919 1037 1178 1122 μετενηνεγμένη,
1201 1037 1279 1123 περί
1302 1027 1339 1104 οῦ
1356 1061 1458 1125 φησιν

200 1137 234 1207 ἐν
252 1134 461 1230 Ὁπλοποιίᾳ
485 1147 526 1224 (Σ
548 1149 619 1225 590)

352 1265 386 1332 ἐν
408 1267 446 1332 δὲ
467 1265 563 1352 χορὸν
585 1267 741 1334 ποίκιλλε
763 1264 957 1352 περικλυτὸς
978 1263 1203 1353 Αμφιγυηεις,

256 1377 262 1384 ’
350 1375 397 1459 τῷ
418 1367 529 1438 ’ίκελον
546 1363 619 1438 οἷόν
640 1372 718 1440 ποτ’
746 1372 793 1438 ἐνὶ
819 1369 964 1458 Κνώσσφ
987 1368 1093 1457 εῦρείη

352 1478 523 1557 Δαίδαλος
545 1475 685 1565 ἤσκησεν
706 1473 970 1564 καλλιπλοκάμῳ
995 1470 1161 1562 Ἀριάδνη.

352 1579 436 1649 ἔνθα
457 1584 517 1666 μὲν
539 1584 655 1671 η’ίδεοι
678 1583 735 1648 καί
758 1583 925 1669 παρθένοι
950 1578 1165 1667 ἀλφεσίβοιαι

353 1683 515 1774 ὠρχεῦντ’,
539 1684 689 1776 διλληλων
711 1687 770 1755 ἐπί
793 1691 914 1774 καρπῷ
933 1692 1044 1774 χεῖρας
1068 1685 1210 1769 ἔχουσαι.

196 1807 325 1892 τούτοις
347 1805 407 1898 γάρ
431 1812 624 1901 ἐπιβάλλει·

351 1935 477 2018 πολλὸς
499 1933 529 2006 δ’
556 1936 724 2025 ίμερόεντα
745 1937 842 2023 χορὸν
863 1932 1058 2024 περιίσταθ’
1086 1935 1203 2019 ὅμιλος

350 2041 561 2128 τερπόμενος·
587 2042 681 2134 [μετὰ
704 2045 741 2111 δέ
763 2068 843 2130 σφιν
866 2041 1025 2126 ἐμέλπετο
1049 2048 1145 2123 θεῖος
1167 2039 1282 2123 ἀοιδός

351 2149 520 2235 φορμίζων
536 2153 640 2234 suppl.
660 2151 772 2236 Kaib.]
789 2145 870 2216 δοιὼ
887 2149 924 2214 δὲ
938 2155 1150 2234 κυβιστητῆρε
1166 2143 1238 2213 κατ’
1255 2144 1370 2228 αῦτοῦς

350 2257 482 2345 μολπῆς
504 2253 690 2340 ἐξάρχοντες
711 2253 855 2321 ἐδίνευον
877 2252 961 2320 κατὰ
983 2255 1132 2337 μέσσους.

197 2387 267 2462 τοῖς
287 2385 348 2467 μὲν
369 2374 425 2452 οῦν
446 2387 572 2471 Κρησίν
593 2380 614 2477 η’
636 2410 671 2452 τε
693 2378 827 2471 ῦρχησις
857 2380 1036 2471 ἐπιχώριος
1057 2383 1115 2450 καὶ
1137 2383 1175 2451 τὸ
1198 2388 1365 2469 κυβιστᾶν.
1403 2383 1455 2452 διό

198 2512 299 2575 φησιν
322 2488 405 2575 πρὸς
427 2487 482 2557 τὸν
505 2495 620 2578 Κρῦγτα
642 2487 813 2578 Μηριόνην
836 2493 882 2572 (Π
903 2493 979 2573 617)

350 2613 513 2703 Μηριόνη,
533 2614 617 2699 τάχα
639 2617 695 2682 κέν
718 2639 754 2682 σε
776 2616 835 2682 καί
858 2613 1017 2703 ὀρχηστήν
1039 2638 1102 2698 περ
1125 2609 1220 2681 ἐόντα

352 2719 446 2806 ἔγχος
469 2718 547 2804 ἐμὸν
568 2724 756 2788 κατέπαυσε
779 2723 968 2806 διαμπερές,
991 2717 1026 2786 εἴ
1044 2716 1076 2786 σ’
1102 2717 1220 2804 ἔβαλόν
1241 2745 1314 2806 περ.

199 2847 279 2919 ὅθεν
301 2851 358 2916 καί
380 2849 529 2938 Κρητικὰ
550 2854 688 2919 καλοῦσι
706 2849 746 2917 τά
763 2845 990 2938 ὑπορχήματα.
1023 2851 1155 2933 (Simon.
1180 2852 1216 2916 fr.
1235 2856 1288 2934 31)
1324 2855 1456 2942 »Κρῆτα

196 2957 257 3040 μὲν
280 2957 435 3023 καλέουσι
465 2956 596 3044 τρόπον,
629 2955 667 3024 τὸ
695 2951 726 3024 δ)
752 2951 888 3042 ῦργανον
910 2953 1120 3024 Μολοσσόντ.
1159 2957 1192 3022 οί
1224 2957 1261 3022 δὲ
1284 2956 1453 3043 λεγόμενοι

197 3061 429 3146 Λακωνισταί,
453 3063 554 3152 φησίν
577 3057 594 3132 ὁ
623 3063 774 3146 Τίμαιος,
798 3060 832 3126 ἐν
852 3055 1066 3146 τετραγώνοις
1087 3066 1201 3146 χοροῖς
1220 3050 1300 3149 ᾖδον
1322 3113 1329 3128 .
1355 3114 1362 3130 .
1387 3057 1458 3129 όδὲ

197 3160 414 3254 ’Ἀρίσταρχος
436 3167 473 3234 οῦ
496 3165 595 3251 μόνον
617 3166 664 3248 είς
678 3165 715 3236 τὸ
737 3171 795 3235 τοῦ
810 3166 982 3234 Μενελάου
1005 3164 1193 3249 συμπόσιον
1216 3165 1378 3252 ἐμβαλών,
1402 3160 1457 3248 οῦς

198 3268 236 3339 οῦ
260 3277 403 3360 προςηκε
425 3273 556 3356 στίχους
577 3275 635 3339 καί
657 3280 713 3363 τῆς
734 3269 908 3340 Λακιόνων
930 3271 1091 3350 παιδείας
1113 3268 1287 3358 ἀλλότριον
1318 3272 1458 3361 ἐποίησε

197 3377 256 3442 καί
278 3382 335 3467 τῆς
362 3381 420 3443 τοῦ
448 3379 612 3462 βασιλέως
634 3377 855 3469 σωφροσύνης,
891 3375 976 3443 ἀλλὰ
996 3377 1055 3443 καί
1086 3381 1145 3443 τοῦ
1168 3381 1337 3465 Κρητικοῦ
1357 3383 1457 3462 χοροῦ

197 3477 253 3549 τὸν
275 3474 359 3569 ᾠδὸν
382 3481 512 3564 ἐξεῖλεν,
536 3481 702 3568 ἐπιτεμὼν
724 3481 764 3550 τὰ
788 3483 958 3571 ποιήματα
980 3479 1036 3550 τόν
1057 3478 1181 3568 τρόπον
1201 3488 1329 3550 τοῦτον·

287 3671 289 3675 .
350 3611 475 3693 πολλὸς
498 3609 529 3681 δ’
557 3611 724 3698 ἱμερόεντα
746 3610 843 3700 χορὸν
864 3610 1060 3698 περιίσταθ’
1087 3612 1203 3698 ὅμιλος

349 3719 563 3805 τερπόμενος·
588 3717 679 3786 δοιὼ
694 3721 731 3786 δὲ
753 3723 966 3804 κυβιστητῆρε
989 3714 1063 3786 κατ’
1089 3715 1205 3802 αῦτοός

349 3827 482 3912 μολπῆς
504 3820 690 3911 ἐξάρχοντες
713 3825 857 3892 ἐδίνευον
879 3820 962 3890 κατὰ
984 3825 1134 3908 μέσσους.

199 3948 277 4020 ὥστ’
305 3951 438 4022 ἀνίατον
460 3955 613 4040 γίνεσδαι
636 3951 832 4022 παντάπασι
854 3953 890 4023 τὸ
914 3955 1110 4043 ἐξάρχοντες,
1137 3958 1254 4042 μηκέτι
1278 3958 1460 4044 δυναμένης

197 4063 256 4148 τῆς
272 4059 333 4126 ἐπί
354 4056 411 4128 τὸν
427 4054 512 4147 ᾠδὸν
535 4053 703 4148 ἀναφορᾶς
719 4057 897 4149 σῴζεσθαι.
922 4058 1009 4130 διότι
1025 4061 1063 4128 δὲ
1086 4054 1123 4127 οῦ
1139 4059 1288 4129 πιθανόν
1304 4057 1459 4146 ἀκρόαμα

197 4162 291 4252 παρὰ
319 4169 366 4254 τῷ
395 4166 557 4253 Μενελάῳ
590 4163 757 4252 τυγχάνειν
789 4169 888 4256 δῆλον
919 4166 956 4233 ἐκ
984 4171 1042 4234 τοῦ
1075 4159 1122 4232 δι’
1149 4161 1284 4251 ὁμιλίας
1314 4163 1389 4234 όλον
1418 4166 1459 4236 τὸ

197 4267 384 4354 συμπόσιον
400 4271 621 4356 περαίνεσθαι
635 4277 692 4361 τῆς
706 4270 790 4359 πρὸς
811 4265 980 4360 ἀλλήλους,
1005 4265 1106 4354 ῦνομα
1122 4271 1160 4337 δέ
1181 4273 1284 4360 μηδὲν
1297 4269 1458 4360 εἰρῆσθαι
