3250 4980
629 396 821 458 ..3-

89 552 305 632 usurpaverit.
351 552 436 613 Nam
460 551 608 631 quamvis
631 551 875 613 concedendum
897 549 1042 612 videatur
1063 548 1277 631 Pamphilum,
1302 549 1353 611 cui

89 658 193 720 debet
217 656 407 720 Athenaeus
429 657 515 718 hunc
537 655 655 731 locum,
686 676 730 718 ex
750 654 919 732 Demetrio
941 655 1048 736 ipsum
1069 653 1214 717 hausisse
1236 653 1287 734 (cf.
1306 655 1353 716 IX

90 783 124 844 p.
152 763 254 843 339b,
276 762 322 824 Ill
345 783 376 844 p.
401 763 483 841 74b,
506 761 537 822 II
559 781 591 842 p.
617 759 704 842 51l),
734 768 931 822 tamennon
960 767 1070 840 potest
1099 759 1245 834 dubitari,
1277 761 1354 842 quin

90 865 281 948 Pamphilus
310 868 408 930 etiam
432 865 604 929 Seleucum
636 867 668 928 iu
697 865 844 928 manibus
872 864 1029 938 habuerit,
1060 864 1101 926 de
1123 883 1189 944 qua
1217 885 1251 927 re
1274 865 1355 929 infra

89 973 152 1034 erit
175 971 357 1036 dicendum.
399 970 492 1052 Quae
515 992 589 1034 cum
619 972 663 1034 ita
685 971 748 1033 sint
771 978 969 1052 comparata,
1000 968 1096 1031 valde
1119 970 1234 1032 mirum
1257 980 1352 1047 esset,

90 1079 116 1139 si
133 1077 321 1158 Pamphilus
344 1097 383 1139 ea
398 1077 498 1140 verba
513 1076 605 1157 (Ath.
622 1075 652 1138 11
674 1096 705 1159 p.
725 1077 812 1154 50a),
836 1093 920 1154 quae
940 1095 983 1137 ex
998 1073 1136 1137 Seleuco
1158 1075 1227 1156 ipse
1248 1077 1355 1157 potuit

90 1183 229 1256 haurire,
254 1203 297 1244 ex
311 1181 479 1245 Demetrio
501 1182 614 1244 Ixione
636 1179 899 1262 deprompsisset,
923 1181 1085 1260 quoniam,
1108 1180 1135 1242 si
1157 1180 1203 1242 sic
1225 1181 1354 1244 conclu-

90 1289 236 1350 dendum
266 1297 360 1363 esset,
392 1288 467 1350 nihil
496 1287 544 1349 sui
573 1287 749 1348 addidisset
770 1285 956 1348 Demetrius
984 1285 1043 1348 sed
1071 1293 1197 1348 tantum
1227 1284 1354 1351 Seleuci

91 1393 194 1457 verba
215 1393 413 1455 reddidisset.
460 1391 525 1454 Sed
556 1391 632 1454 nihil
660 1392 775 1454 mirum
805 1389 912 1466 habet,
944 1392 1033 1471 quod
1052 1390 1247 1472 Pamphilus,
1279 1414 1354 1456 cum

93 1497 251 1562 Seleucus
274 1498 303 1560 ei
325 1507 412 1561 esset
433 1496 645 1572 adhibendus,
676 1517 780 1578 pauca
808 1495 907 1558 verba
932 1497 1089 1559 Demetrii
1115 1483 1194 1583 (ἦλα
1216 1495 1254 1564 δὲ
1282 1488 1357 1566 οἷον

93 1603 199 1690 μῆλα)
223 1625 266 1666 ex
289 1623 329 1665 eo
345 1603 525 1684 descripsit,
549 1603 593 1665 ita
615 1611 651 1664 ut
665 1601 868 1664 Demetrium
890 1601 958 1683 ipse
977 1623 1043 1665 non
1062 1603 1174 1667 adiret.
1205 1604 1356 1686 Denique

95 1708 256 1772 Demetrii
278 1709 467 1771 memoriam
485 1708 531 1790 ab
546 1707 720 1771 Athenaeo
742 1707 892 1770 insertam
909 1727 981 1770 esse
1002 1707 1148 1789 accipere
1170 1729 1230 1772 nos
1244 1720 1356 1774 vetant

95 1815 202 1896 prima
225 1815 343 1876 verba:
374 1813 532 1892 Σέλευκος
554 1809 585 1878 δ’
611 1809 645 1876 ἐν
667 1809 834 1897 γλώσσαις
854 1805 1005 1896 βράβυλα
1028 1834 1130 1898 φησιν
1151 1800 1214 1900 ἦλα
1237 1811 1355 1880 κοκκύ-

92 1918 185 2005 μηλα
207 1918 338 2003 μάδρυα
360 1914 401 1984 τὰ
422 1911 505 1984 αὐτὰ
527 1911 623 1985 εἶναι.
668 1915 949 1998 Glossographum
970 1925 1078 1979 autem
1101 1937 1198 1981 nemo
1221 1917 1263 1980 ab
1285 1918 1356 1981 Ho-

96 2024 219 2086 merico
237 2025 419 2106 distinguet.

181 2129 243 2192 His
271 2131 468 2212 argumentis
499 2129 629 2192 obstare
658 2128 784 2190 videtur
815 2127 913 2190 schol.
945 2127 1077 2190 Thesm.
1105 2142 1183 2207 1175
1217 2127 1264 2211 (fr.
1290 2131 1353 2213 72),

93 2238 217 2318 quippe
240 2257 283 2298 ex
305 2255 370 2315 quo
386 2233 643 2298 concludendum
666 2252 737 2295 esse
752 2233 898 2294 videatur
915 2232 1017 2313 Jubae
1040 2230 1118 2316 περὶ
1141 2235 1197 2320 τῆς
1217 2237 1355 2317 θεατρι-

94 2342 155 2427 κῆς
178 2335 325 2423 ἱστορίας
345 2341 463 2403 librum
485 2338 605 2421 publici
628 2338 701 2400 iuris
724 2337 844 2400 factum
865 2358 936 2401 esse
958 2347 1034 2420 post
1050 2338 1176 2401 Seleuci
1198 2361 1355 2422 αροτατι-

96 2441 155 2512 κόν
177 2440 261 2531 πρὸς
282 2442 426 2531 Ζήνωνα.
470 2444 518 2506 At
541 2452 627 2506 recte
649 2441 807 2506 Maassius
829 2443 905 2506 dicit
931 2444 995 2506 rito
1017 2466 1143 2527 quoque
1164 2466 1234 2509 rem
1256 2457 1356 2528 posse

87 2553 189 2635 fingr',
213 2549 350 2628 Seleuco,
375 2551 450 2612 lieet
461 2560 541 2631 post
554 2547 679 2621 Jubam
689 2549 807 2628 fuerit,
832 2549 933 2611 nihilo
955 2550 1061 2613 secius
1077 2549 1167 2614 illius
1190 2551 1230 2614 de
1252 2553 1353 2616 oclus-

95 2666 183 2720 mate
212 2655 519 2738 disputatiunculam
550 2675 613 2716 uon
644 2655 846 2718 innotuisse«.
889 2653 997 2716 Etiam
1027 2655 1102 2717 loco
1133 2656 1204 2738 ipso
1225 2657 1354 2719 demon·

95 2770 223 2836 stratur,
248 2769 284 2822 ut
306 2761 570 2824 Wilamowitzius
595 2781 647 2822 me
670 2760 802 2833 monuit,
826 2757 1035 2822 scholiastam
1050 2759 1181 2824 Seleuci
1198 2763 1356 2841 quaestio-

95 2887 172 2929 nem
194 2865 321 2928 solvere
344 2866 446 2948 Jubae
469 2867 543 2928 loco
566 2867 675 2931 citato.
719 2865 804 2927 Nam
827 2865 853 2926 si
871 2864 955 2946 Juba
977 2866 1045 2947 ipse
1075 2866 1139 2929 iam
1162 2867 1359 2947 respexisset

97 2971 279 3047 Seleucum,
310 2972 446 3034 dixisset
467 2971 658 3037 scholiasta:
693 2964 760 3035 λύει
783 2963 845 3053 γὰρ
866 2962 885 3035 ὃ
907 2962 1016 3052 Ἰόβας
1037 2964 1075 3037 τὸ
1098 2968 1270 3055 προταθὲν
1298 2974 1357 3038 τοῦ

97 3072 352 3142 Σελεύκου...

184 3181 309 3262 Quibus
342 3183 384 3244 de
417 3182 522 3244 causis
554 3180 750 3244 Schmidtius
783 3179 955 3243 Seleucum
989 3182 1120 3244 exeunti
1152 3179 1192 3244 ΙΙ.
1224 3182 1356 3245 saeculo

98 3311 127 3352 a.
153 3287 228 3351 Chr.
253 3286 440 3368 attribuerit,
467 3287 536 3368 ipse
559 3286 649 3368 legas
671 3286 697 3348 si
719 3285 860 3353 interest.
906 3284 996 3365 Quas
1017 3287 1043 3348 si
1066 3284 1210 3349 refellere
1230 3287 1357 3364 vellem,

96 3394 228 3456 Maassii
251 3391 328 3454 mihi
351 3392 527 3473 repetenda
547 3401 634 3454 esset
656 3391 935 3473 argumentation.

185 3498 237 3560 De
260 3498 326 3560 vita
349 3496 474 3560 Seleuci
504 3517 570 3558 non
600 3496 692 3578 plura
712 3497 932 3578 comperimus
954 3515 1053 3576 quam
1083 3496 1123 3559 de
1146 3498 1358 3579 plurimorum

104 3605 198 3666 huius
220 3603 349 3684 generis
378 3601 555 3666 hominum.
601 3601 788 3678 Videamus,
822 3602 898 3683 quid
920 3601 1036 3664 Suidas
1058 3601 1099 3663 de
1121 3622 1162 3664 eo
1185 3608 1356 3686 praebeat:

100 3706 260 3785 Σέλευκος
280 3700 520 3788 Ἀλεξανδρεύς,
551 3700 786 3791 γραμματικός,
816 3696 853 3785 ὃς
874 3699 1047 3792 ἐπεκλήθη
1070 3697 1256 3792 Ὁμηρικός,
1286 3707 1359 3775 ἐσο-

100 3811 256 3900 φίστοοσε
286 3811 324 3877 δὲ
357 3809 392 3876 ἐν
416 3803 534 3897 Ῥώμῃ.
572 3806 715 3897 ἔγραψεν
747 3805 922 3897 ἐξηγητικὰ
955 3808 1003 3890 εἰς
1037 3805 1147 3876 πάντα
1171 3805 1216 3890 ὥς
1251 3809 1360 3880 εἰπεῖν

98 3912 251 4006 ποιητήν.
282 3915 440 4006 περὶτῆς
463 3915 497 3982 ἐν
518 3911 716 3999 σονωνύμοις
743 3916 922 4007 διαφορᾶς·
954 3915 1120 4002 περὶτῶν
1145 3918 1278 4000 ψευδῶς
1299 3943 1359 3986 πε-

99 4022 340 4105 πιστευμένων·
371 4023 542 4109 neptunio
562 4018 638 4108 παρ’
655 4017 902 4108 Ἀλεξανδρεῦσι
934 4024 1133 4108 παροιμιῶν.
1163 4023 1241 4108 περὶ
1270 4027 1360 4090 θεῶν

184 4270 206 4334 ¹)
225 4271 357 4322 Partheius
376 4268 453 4336 (Mus.
474 4269 549 4319 Alex.
568 4287 595 4335 p.
616 4268 676 4335 133)
694 4278 824 4320 enumerat
842 4270 976 4320 Seleucum
994 4278 1054 4336 post
1072 4269 1277 4336 Epaphroditum
1295 4271 1360 4321 inter

98 4375 152 4418 eos,
173 4361 217 4424 qui
236 4359 302 4409 inter
318 4359 448 4409 Neronem
465 4366 491 4409 et
507 4358 620 4408 Nervam
637 4358 754 4419 vixerint,
774 4358 855 4408 causis
872 4374 925 4408 non
943 4359 1045 4408 additis.
1098 4395 1101 4400 .

1123 4441 1152 4492 1*
