3250 4980
616 1321 1034 1403 FRAGMENTA.

718 1532 932 1637 Ἐξηγητικοί.

684 1731 724 1788 In
749 1732 962 1788 Homerum.
1041 1749 1044 1754 ·

169 1884 193 1931 1.
281 1863 320 1922 A
351 1876 379 1938 3.
429 1861 487 1923 τοῦ
516 1853 663 1946 ἰ’φθιμος
694 1853 711 1925 ό
740 1858 898 1937 Σέλευκος
924 1858 1011 1941 λέγει
1042 1853 1251 1939 πλεονασμὸν
1284 1848 1369 1923 εἶναι
1398 1860 1456 1922 τοῦ

198 1967 231 2043 θ,
251 1957 364 2047 ὥσπερ
387 1959 479 2047 παρὰ
501 1959 676 2050 τὸφέγγος
699 1962 885 2052 φέγγεσθαι
908 1962 965 2028 καί
982 1964 1207 2051 φθέγγεσθαι,
1230 1957 1325 2046 παρὰ
1346 1957 1384 2028 τὸ
1407 1959 1456 2040 εἷς

195 2071 267 2153 φῶς
288 2067 447 2154 προάγειν
467 2066 524 2134 τὸν
547 2064 652 2154 λόγον.
688 2068 794 2132 Cram.
814 2071 855 2135 A.
873 2069 914 2134 O.
931 2072 1003 2133 288.
1025 2087 1049 2130 1.
1085 2063 1178 2152 παρὰ
1199 2063 1237 2134 τὸ
1257 2059 1314 2153 ἶφι
1335 2063 1455 2154 ίφιμος

195 2175 254 2240 καί
276 2174 476 2259 πλεονασμῷ
503 2177 562 2239 τοῦ
582 2179 610 2239 θ
633 2171 788 2263 ἴφθιμος.
835 2175 972 2238 216.18.
1018 2173 1066 2238 Cs.
1089 2174 1192 2235 Lentz
1215 2174 1256 2236 ad
1278 2173 1400 2236 Herod.
1424 2173 1454 2235 ΙΙ

195 2302 226 2363 p.
252 2282 323 2358 248.
369 2281 460 2344 Eust.
489 2281 535 2344 16.
559 2297 606 2344 12.
650 2282 702 2343 Et.
727 2301 768 2343 m.
792 2289 825 2342 et
846 2279 929 2342 Gud.
953 2301 977 2341 S.
1000 2300 1030 2341 v.
1054 2272 1210 2367 ἴφθιμος.

166 2403 195 2455 2.
281 2390 321 2448 A
344 2403 372 2464 3.
414 2376 523 2450 Ἄϊδι·
557 2384 715 2463 Σέλευκος
743 2383 804 2468 μέν
827 2375 896 2448 όιπό
927 2376 1061 2462 εὐθείας
1081 2386 1136 2469 τῆς
1160 2377 1235 2462 ’Άϊς
1257 2381 1367 2472 φησίν.
1401 2384 1453 2446 Et.

196 2505 381 2572 m.42.17.
425 2493 471 2576 τῷ
495 2483 603 2578 Ἅιδη,
627 2481 696 2555 όπὸ
719 2481 854 2567 εὐθείας
873 2489 928 2570 τῆς
951 2482 1026 2566 ’Άϊς
1047 2481 1093 2565 ὥς
1114 2483 1233 2573 Πάρις.
1279 2488 1388 2558 Schol.
1411 2490 1452 2551 D.

196 2596 302 2660 Cram.
326 2597 369 2659 A.
394 2596 434 2659 O.
459 2597 545 2674 140.
571 2612 620 2658 21.
668 2597 745 2658 Hes.
770 2617 794 2658 s.
820 2617 849 2658 v.
892 2595 973 2656 Fere
1004 2615 1062 2675 per
1085 2595 1334 2678 metaplasmum
1355 2596 1453 2678 expli-

195 2703 336 2766 cabatur.
381 2701 488 2764 Cram.
520 2701 562 2764 A.
585 2701 626 2764 O.
649 2701 804 2780 165.11.
850 2701 952 2763 Lentz
975 2700 1017 2761 ad
1040 2699 1161 2765 Herod.
1185 2701 1215 2763 II
1237 2721 1268 2783 p.
1294 2716 1365 2781 205.
1400 2703 1453 2769 Et.

196 2807 280 2872 Gud.
303 2830 327 2870 s,
352 2830 381 2871 v.
426 2807 639 2888 Etymologia
669 2826 752 2886 quae
782 2807 926 2887 sequitur
953 2807 984 2866 in
1007 2805 1059 2868 Et.
1085 2826 1126 2868 m.
1151 2807 1247 2887 paulo
1276 2823 1352 2889 post
1382 2807 1401 2870 l.
1426 2828 1453 2870 c.

196 2912 332 2975 sortasse
354 2912 497 2975 eiusdem
521 2922 578 2974 est.
621 2910 745 2974 Saltem
767 2913 868 2994 is-qui
892 2931 963 2973 eam
987 2912 1115 2986 invenit,
1147 2913 1285 2974 eundem
1307 2915 1452 2976 nomina-

195 3018 297 3079 tivum
310 3008 384 3096 ’Άϊς
406 3018 517 3080 statuit
542 3027 640 3099 atque
656 3017 826 3080 Seleucus:
852 3011 932 3082 ε’ίόω
954 3013 991 3082 τὸ
1007 3014 1140 3098 βλέπω·
1164 3007 1333 3098 ὁμέλλων,
1357 3012 1456 3083 εἴσω·

196 3113 299 3202 ὄνομα
322 3118 501 3206 ῥηματικὸν
521 3117 563 3201 ἰ’ς,
597 3118 655 3187 διὰ
675 3124 735 3188 τοό
757 3148 778 3191 ι.
825 3120 896 3187 Καὶ
925 3116 1007 3204 μετὰ
1038 3125 1095 3186 τοῦ
1115 3124 1304 3206 στερητικοῦ
1327 3146 1348 3187 α
1371 3114 1454 3206 'Ate

197 3224 231 3292 έν
253 3210 280 3313 ᾧ
303 3221 397 3292 οὐδέν
417 3222 506 3291 ἐστιν
529 3220 623 3311 ὁρᾶν·
646 3226 704 3292 καὶ
728 3219 748 3313 ἡ
771 3226 880 3312 γενικὴ
902 3220 1026 3305 Ἄϊδος.

167 3356 194 3417 3,
280 3337 321 3396 A
344 3334 372 3396 8.
414 3330 465 3409 τίς
485 3330 545 3417 τάρ
576 3335 683 3419 σφωϊ·
712 3332 767 3418 την
796 3328 859 3418 γὰρ
880 3327 1032 3418 τοιαύτην
1061 3331 1188 3421 γραφὴν
1217 3329 1274 3396 καὶ
1297 3331 1457 3409 Σέλευκος

196 3435 366 3522 προκρίνει
381 3435 439 3502 καὶ
462 3428 557 3503 ἄλλοι
573 3438 728 3503 πλεῖστοι
744 3437 1010 3521 παρατιθέμενοι
1026 3437 1083 3502 καὶ
1102 3434 1250 3516 ἐκδόσεις
1266 3428 1456 3522 Ὁμηρικός.

196 3541 380 3608 καθιστᾶσί
401 3538 513 3610 κετὸν
535 3538 631 3628 λόγον
653 3534 769 3622 οὕτως·
793 3535 924 3630 εἴπερὴ
947 3542 1055 3628 γενικὴ
1077 3546 1205 3621 πτῶσις
1225 3542 1283 3607 καί
1305 3535 1325 3630 ἡ
1343 3541 1456 3627 δοτικὴ

196 3642 321 3735 ἡκατὰ
353 3641 502 3733 δεύτερον
528 3653 707 3735 πρόςωπον
728 3651 914 3732 μεταθεῖσα
945 3644 1001 3713 τὸν
1022 3641 1124 3726 τόνον,
1154 3648 1321 3714 τουτέστιν
1348 3647 1457 3732 ἐγκλι-

195 3757 309 3836 θεῖσα,
332 3749 489 3839 μενούσης
509 3755 564 3839 τῆς
586 3756 711 3844 γραφῆς
732 3750 770 3820 τὸ
791 3752 901 3838 τρίτον
923 3748 1100 3838 πρόςωπον
1121 3752 1322 3840 παρίστησιν
1345 3749 1379 3817 έν
1394 3756 1455 3838 τῷ·

197 3863 241 3941 (Θ
261 3861 336 3942 416)
364 3853 515 3944 νγνιοίσει
537 3858 598 3941 μέν
620 3863 731 3948 σφῶϊν
752 3851 809 3944 ὑφ’
838 3850 981 3942 ἅρμασιν
1003 3855 1108 3937 ὠκέας
1127 3858 1272 3936 ίπποοςι
1298 3856 1356 3923 καί
1378 3849 1452 3922 κατ’

197 3961 343 4048 ἔγκλισιν
365 3962 425 4030 έπὶ
453 3966 513 4029 τοῦ
533 3964 644 4050 τρίτου
675 3961 872 4053 προςώπον·
906 3966 951 4044 (Θ
972 3966 1047 4046 402)
1083 3956 1229 4046 »γυιώσω
1258 3960 1318 4044 μέν
1347 3963 1458 4051 σφωϊν

195 4061 253 4158 ὑφ’
287 4063 442 4154 ὅρμασιι,
473 4072 568 4135 πᾶσα
598 4065 722 4156 ἀνάγκη
750 4069 808 4134 καὶ
837 4069 894 4155 τὴν
923 4072 1031 4156 σφῶϊ,
1065 4061 1344 4154 όρθοτονοομένην
1373 4055 1458 4131 κατοί

198 4168 345 4260 όεότερον
358 4169 539 4258 πρόςωπον
559 4171 615 4241 τὸν
636 4171 729 4242 τόνον
749 4178 954 4258 μεταθεῖσαν
975 4169 1060 4239 κατὰ
1081 4173 1137 4258 τὴν
1151 4167 1249 4258 αίτην
1271 4173 1397 4258 γραφὴν
1418 4167 1457 4237 τὸ

195 4277 303 4364 τρίτον
323 4281 545 4366 παραστῆσαι.
581 4281 693 4363 Apoll.
717 4283 817 4362 Dysc.
842 4279 935 4361 Synt.
963 4280 1030 4359 167.
1057 4295 1084 4358 5.
1130 4280 1220 4342 Idem
1242 4277 1319 4363 περὶ
1343 4269 1457 4341 όντων.
