3250 4980
736 279 943 353 „48-

210 442 367 530 νεωκόρος
396 445 453 510 καὶ
483 442 669 527 σηκοκόρος,
716 445 764 514 cf.
795 445 901 508 Cram.
926 446 968 514 A.
992 447 1026 510 P.
1056 447 1105 508 IV
1135 463 1185 523 41.
1212 462 1261 510 22.
1307 446 1350 509 A.
1374 444 1414 512 O,
1438 444 1470 506 II

208 567 281 631 453.
303 570 328 617 τ.
362 553 414 615 Et.
431 571 474 614 m.
490 571 515 620 s,
530 572 560 616 v.
581 545 659 636 κόρη
682 560 714 613 et
729 552 819 613 Eust.
836 552 867 612 in
883 553 955 616 adn.
971 552 1012 612 ad
1035 549 1147 633 hymn.
1164 561 1290 633 pentec.
1314 550 1468 615 Damaso.

209 678 239 724 v.
261 673 332 736 227.
378 657 456 736 (Mai
479 657 580 737 spicil.
603 656 700 722 Rom.
722 656 755 716 V
781 657 852 736 363)
882 657 1028 720 derivant
1057 650 1214 742 νεωκόρος
1243 657 1346 738 (Eust.
1370 656 1468 718 etiam

211 759 399 847 σηκοκόρος)
423 783 443 824 a
463 762 564 824 verbo
584 765 702 842 κυρεῖν,
727 763 814 840 quod
836 762 876 824 sit
897 759 1083 845 καθαίρειν.

148 863 200 941 63.
296 866 452 944 Σέλευκος
486 858 517 930 δ’
548 863 581 930 έν
613 863 778 950 γλώσσαις
811 860 1016 953 πρῳτερικήν
1046 888 1129 950 φησι
1162 867 1342 931 καλεῖσθαι
1376 865 1471 949 γένος

209 998 241 1038 τι
275 975 389 1059 συκῆς,
430 963 501 1058 ἥτις
534 970 628 1060 φέρει
671 969 797 1054 πρώιον
828 967 884 1035 τὸν
916 965 1051 1055 καρπόν,
1104 972 1226 1036 Athen.
1256 972 1301 1032 Ill
1331 992 1362 1052 p.
1386 971 1468 1051 77d.
1568 1049 1572 1056 ι

210 1079 287 1142 Hes,
311 1099 335 1139 s.
359 1099 388 1140 v.

149 1178 200 1254 64·
294 1180 464 1265 πανσαγία
497 1177 517 1267 ἡ
549 1180 740 1261 πανοπλία,
774 1181 833 1247 καὶ
865 1176 948 1258 ἴσως
982 1172 1051 1248 ἀπὸ
1083 1185 1141 1247 τοῦ
1175 1177 1296 1256 σάκους
1328 1175 1468 1264 ε’ίρηται.

210 1279 311 1366 οότως
341 1272 433 1371 εὗρον
462 1284 508 1364 εἰς
535 1281 591 1352 τὸν
613 1285 770 1351 Σέλευκον
800 1279 858 1368 (ὥς
887 1308 970 1370 φησι
993 1285 1149 1365 Σέλευκος
1170 1287 1371 1367 Vossianus).
1414 1286 1468 1352 Et.

210 1415 253 1458 m.
276 1393 348 1472 650.
374 1407 423 1471 53.
461 1392 538 1457 Hes.
563 1413 588 1459 s,
611 1413 640 1458 v.
686 1391 734 1460 Cf.
758 1390 866 1456 Schol.
890 1391 991 1472 Soph.
1011 1392 1124 1472 Antig.
1151 1407 1218 1471 107,
1243 1392 1301 1458 Ar.
1325 1391 1467 1453 Acharn.

213 1513 282 1580 573,
306 1498 359 1560 ubi
382 1497 497 1558 rectius
520 1519 538 1558 a
561 1490 646 1582 σάγη
668 1498 837 1564 derivatur.

149 1603 200 1682 65,
295 1595 477 1683 πεμμάτων
511 1601 548 1665 δέ
585 1597 717 1685 πρῶτόν
750 1623 833 1687 φησι
868 1601 1087 1686 μνημονεῦσαι
1123 1594 1316 1666 Πανύασσιν
1354 1599 1468 1665 Σέλευ-

211 1731 277 1786 κος,
312 1705 346 1770 έν
375 1697 425 1784 οἷς
456 1705 533 1787 περὶ
562 1708 619 1792 τῆς
648 1702 729 1791 παρ’
749 1703 955 1791 Αἰγυπτίοις
986 1701 1273 1791 ἀνθρωποθυσίας
1303 1707 1467 1792 διηγεῖται

211 1808 322 1878 πολλὰ
343 1810 403 1894 μέν
426 1809 600 1876 ἐπιθεῖναι
623 1813 726 1897 λέγων
747 1811 915 1895 πέμματα,
943 1807 1088 1889 »πολλὰς
1104 1810 1141 1876 δὲ
1163 1807 1328 1889 νοσσάδας
1350 1803 1468 1896 όρνιςσ.

212 1919 333 1984 Athen.
355 1917 403 1978 IV
426 1938 458 1996 p.
487 1919 583 1996 172d.

150 2018 201 2087 66.
297 2025 447 2108 σησαμῆν
474 2023 736 2107 περισπωμένως
765 2021 822 2086 καί
852 2021 1064 2107 Λρίσταρχος
1094 2021 1151 2086 καί
1181 2021 1348 2098 Σέλευκος.
1385 2014 1405 2107 ἡ
1431 2021 1470 2087 δέ

210 2129 326 2213 χρῆσις
349 2123 474 2211 ἑτέρως.
513 2129 643 2192 Photius
665 2151 689 2191 s.
714 2150 743 2191 v.
768 2125 924 2214 σήσαμον.
965 2129 1106 2190 Extabat
1129 2122 1260 2212 σησάμη
1283 2137 1316 2189 et
1338 2130 1470 2213 σησαμῆ

212 2235 268 2294 sed
303 2243 337 2296 ut
373 2233 613 2314 significationis
647 2235 816 2296 discrimen
852 2234 933 2296 inter
969 2242 1139 2313 utrumque
1181 2254 1244 2295 non
1282 2235 1467 2296 intercedat.

211 2337 340 2400 Scilicet
369 2339 409 2400 de
438 2339 538 2400 herba
569 2338 772 2401 deferebatur
801 2359 869 2400 vox
901 2338 942 2400 ad
972 2338 1171 2419 placentam:
1209 2339 1288 2404 Hes
1318 2333 1467 2422 σησάμη·

211 2443 354 2529 σησαμίς
375 2441 434 2506 καὶ
457 2443 604 2530 πλακοῦς
626 2439 664 2509 ἐκ
686 2439 842 2529 σησάμης.
888 2444 989 2508 Moer.
1018 2437 1126 2525 i'vptu·
1158 2437 1339 2525 πλάσματα
1363 2440 1468 2508 λεπτὰ

211 2550 343 2634 σησαμῇ
365 2539 599 2630 πεπλασμέναῖ
640 2551 739 2616 Arist.
763 2551 836 2612 Pac.
861 2549 923 2628 869
946 2552 1077 2634 σησαμῆ
1108 2550 1148 2610 de
1171 2549 1320 2630 placenta
1343 2551 1469 2612 videtur

211 2655 281 2720 dici.
316 2654 523 2716 Aristarchus
539 2663 573 2716 et
589 2654 742 2717 Seleucus
758 2675 818 2735 pro
835 2647 977 2737 σησάμη,
1002 2675 1099 2734 quam
1115 2653 1253 2716 sormam
1269 2656 1467 2717 usitatiorem

211 2759 306 2820 fuisse
330 2760 406 2821 dicit
428 2758 569 2834 Photius,
594 2781 636 2821 ex
659 2760 807 2837 analogia
829 2759 1014 2820 statuebant
1036 2761 1178 2845 σησαμῆ.
1220 2758 1269 2824 Cf.
1292 2761 1467 2826 Herodian.

211 2865 325 2944 (Lenta
354 2865 368 2925 I
399 2878 469 2942 325.
493 2865 523 2945 7)
557 2860 595 2930 τὸ
625 2863 662 2928 δέ
696 2866 828 2950 σησαμῆ
860 2865 1068 2947 περισπάσαι
1100 2856 1143 2942 ὦς
1172 2862 1209 2928 έκ
1242 2865 1466 2949 συναιρέσεως.

210 2970 239 3031 II
264 2987 335 3049 319.
360 2985 409 3048 29.
440 2969 565 3048 11425.
590 2971 618 3034 8.
664 2970 771 3036 Cram,
795 2970 836 3038 A,
861 2968 954 3031 0.ss
979 2985 1100 3046 323.4.
1145 2971 1273 3032 Praeter
1296 2961 1468 3056 ἀμυγδαλῆ

210 3073 249 3140 cf.
267 3075 364 3138 σῦκον
379 3075 470 3158 συκῆ,
486 3067 581 3156 ῥόδον
596 3075 685 3162 ῥοδῆ,
708 3075 812 3161 μῆλον
826 3074 922 3161 μηλῆ,
946 3067 1098 3158 κεράσιον
1113 3072 1252 3158 κέρασος
1267 3084 1300 3136 et
1315 3073 1465 3159 κερασέα.

150 3187 201 3266 67.
296 3173 443 3265 στήριον·
488 3175 606 3262 ἱέρακι.
654 3179 821 3257 Σέλευκος.
878 3181 956 3246 Hes.
1009 3179 1094 3242 Sane
1135 3180 1245 3260 glossa
1285 3190 1335 3243 est
1371 3182 1466 3261 plane

210 3285 357 3353 obscura.
396 3284 440 3350 M.
465 3284 612 3348 Schmidt
642 3287 795 3366 cogitavit
824 3287 864 3348 de
893 3289 1002 3372 στηρι·
1038 3283 1167 3368 στέατι,
1199 3285 1256 3346 sed
1286 3285 1342 3346 vix
1370 3287 1469 3349 debet

210 3391 324 3451 mutari
346 3390 480 3452 verbum
512 3389 630 3475 ἱέρακι.
676 3389 785 3471 Quare
807 3400 862 3453 aut
889 3389 998 3476 στηρί·
1031 3387 1149 3472 ἱέρακι,
1179 3390 1268 3470 quod
1289 3390 1468 3453 litterarum

210 3495 321 3556 ordine
336 3497 581 3558 commendatur
596 3505 651 3558 aut
667 3504 702 3557 ut
713 3496 891 3559 Pearsonus
907 3497 1042 3558 coniecit
1058 3489 1204 3582 στήριον·
1222 3492 1339 3579 ἱέρακα
1355 3517 1468 3559 verum

210 3620 280 3662 esse
302 3601 437 3666 videtur.

149 3713 201 3776 68.
295 3695 509 3770 τιάλλακτον·
544 3703 718 3782 Σέλευκος·
754 3704 847 3792 παρὰ
871 3698 1054 3792 Ἐπαινέτῳ
1085 3700 1244 3789 έμβαμμά
1272 3729 1305 3771 τι
1335 3703 1468 3790 (ένβάμ-

209 3834 288 3891 ματι
317 3811 401 3892 cod.)
424 3811 502 3878 Hes

663 3955 759 4056 Περί
782 3955 1023 4056 Ἑλληνισμοῦ.

148 4126 199 4205 69,
304 4108 435 4199 Κράτης
473 4105 504 4178 δ’
539 4109 572 4178 ἒν
603 4114 673 4188 τοῖς
708 4108 786 4194 περὶ
822 4111 880 4196 τῆς
909 4105 1059 4196 Ἀττικῆς
1096 4109 1214 4189 λέξεως
1243 4102 1470 4196 Ἀριστοφάνη

210 4221 358 4306 παριστᾷ
388 4217 538 4303 λέγοντα·
581 4209 746 4300 νκάβλεπε
776 4213 899 4280 σίναπυ
928 4213 986 4278 καὶ
1016 4209 1056 4279 τὰ
1087 4205 1243 4298 πρόσωπ’
1269 4205 1470 4300 ἇνέσπασεκ,
