3250 4980
726 373 933 436 -,,,

591 521 680 608 ἔγχεε
702 526 832 610 κέρναις
852 523 909 590 ένα
931 524 989 590 καί
1015 521 1084 592 δύο.

201 649 235 716 ἐν
257 644 384 729 τούτοις
406 652 492 734 (τοῖς
513 653 568 732 Α.)
600 648 661 736 γάρ
682 675 768 730 τινες
790 645 828 717 ού
856 647 914 737 την
933 653 1051 736 κρᾶσιν
1074 645 1201 716 οἴονται
1226 650 1331 736 λέγειν
1353 645 1463 730 αύτόν,

202 749 286 822 ἀλλὰ
309 754 516 843 σωφρονικὸν
539 747 616 822 όντα
645 751 726 823 καθ’
750 754 806 821 ένα
829 750 958 822 κύαθον
981 747 1123 840 ἀκρατον
1144 755 1253 821 πίνειν
1275 755 1334 821 καί
1356 751 1466 822 πάλιν

200 853 287 927 κατά
324 854 392 927 δύο.
436 863 531 927 τοῦτο
570 861 607 928 δέ
643 855 661 927 δ
696 858 861 941 Ποντικὸς
895 860 1099 944 Χαμαιλέων
1136 859 1325 928 ἐκδέδεκται
1362 859 1465 943 (ἐνδέ-

202 966 316 1032 δεκται
339 967 394 1048 Α.)
418 969 476 1043 τίς
499 961 658 1033 Ἀλκαίου
681 966 850 1054 φιλοινίας
872 962 1018 1051 ἀπείρως
1041 962 1133 1046 έχων.
1156 962 1241 1032 κατὰ
1264 963 1323 1052 γὰρ
1347 970 1465 1033 πᾶσαν

202 1064 289 1156 ὥραν
317 1069 376 1136 καί
404 1072 518 1136 πᾶσαν
546 1071 742 1157 περίστασιν
775 1071 882 1138 πίνων
912 1065 930 1138 ό
957 1066 1097 1159 ποιητὴς
1126 1057 1219 1151 οὗτος
1256 1065 1463 1158 εόρίσκεται·

199 1178 360 1258 χειμῶνος
380 1174 441 1258 μέν
463 1173 497 1240 ἐν
518 1175 647 1256 τούτοις
670 1178 718 1259 (fr.
745 1196 785 1257 34
806 1178 938 1259 Bergk.)

492 1295 542 1366 ύει
564 1301 624 1384 μέν
647 1296 664 1368 ό
687 1294 778 1385 Ζεύς,
802 1301 839 1367 ἐκ
862 1299 893 1369 δ’
921 1299 1026 1387 ὀρανῶ
1047 1305 1149 1388 μέγας

492 1405 623 1492 χειμών,
647 1405 823 1492 πεπόγασι
846 1399 878 1473 δ’
902 1401 1029 1473 όδάτων
1051 1406 1128 1490 ῥοαί
1151 1459 1158 1472 .
1183 1457 1190 1472 .

493 1510 641 1598 κάββαλε
662 1509 717 1578 τὸν
739 1505 886 1595 χειμῶν’,
910 1511 969 1578 ἐπὶ
991 1511 1052 1594 μέν
1072 1511 1183 1591 τιθείς

492 1623 568 1703 πῦρ,
593 1619 626 1682 ἐν
649 1618 686 1684 δέ
708 1619 838 1704 κέρναις
861 1610 949 1684 οἶνον
972 1613 1136 1702 ἀφειδέως

492 1717 653 1805 μελιχρόν,
676 1718 776 1808 αύτάρ
801 1715 889 1810 ἀμφὶ
911 1722 1015 1812 κόρσᾳ

492 1823 669 1911 μαλθακὸν
692 1822 778 1915 ἀμφι
803 1882 810 1896 .
834 1881 841 1897 .
866 1823 1058 1913 γνόφαλλον.

203 1954 324 2039 θέρους
346 1954 399 2020 δέ·
424 1955 471 2037 (fr.
497 1958 549 2036 39)

355 2082 449 2166 τέγγε
471 2075 653 2162 πνεύμονας
673 2074 768 2165 σ’ίνφ·
791 2073 830 2146 τὸ
852 2073 913 2164 γὰρ
932 2070 1049 2161 ἀστρον
1072 2079 1309 2162 περιτέλλεται.

357 2179 379 2250 ἀ
402 2179 433 2251 δ’
454 2179 523 2270 ὥρα
545 2177 686 2267 χαλεπά,
709 2179 819 2250 πάντα
842 2183 879 2250 δέ
902 2177 1038 2266 δίψαισ’
1056 2175 1123 2248 όπὸ
1143 2178 1317 2267 κουμάτυς.

202 2315 260 2378 τοῦ
283 2307 314 2376 δ’
341 2307 452 2396 έαρος·
477 2311 524 2394 (fr.
547 2315 601 2392 45)
1246 2305 1252 2312 ’

451 2424 527 2522 ἦρος
549 2429 766 2518 ἀνθεμόεντος
788 2429 908 2500 ἐπάιον
931 2432 1130 2518 ἐρχομένοιο.

203 2560 261 2626 καὶ
282 2558 475 2646 προελθών·

453 2684 488 2751 ἐν
510 2686 547 2752 δέ
568 2686 701 2770 κέρνατε
722 2690 768 2752 τῶ
788 2686 963 2769 μελιαδέος
985 2680 1054 2752 ὅττι
1075 2680 1215 2768 τάχιστα

452 2795 605 2880 κρατῆρα.

207 2913 241 2979 έν
265 2916 302 2982 δέ
323 2921 394 2993 τοῖς
416 2913 670 2999 συμπτώμασιν·
694 2917 743 2997 (f.
769 2921 820 2998 35)

452 3033 490 3106 σύ
512 3039 572 3127 χρὴ
595 3045 731 3108 κακοῖσι
753 3033 861 3124 θυμόν
885 3041 1077 3127 ἐπιτρέπην.

452 3143 668 3230 προκόψομεν
690 3144 750 3232 γὰρ
773 3142 867 3214 ούδέν
889 3141 1057 3228 ἀσάμενοι,

454 3240 480 3316 ὦ
502 3251 625 3333 Βυκχί·
650 3247 825 3341 φάρμακον
847 3243 878 3316 δ’
904 3246 1037 3334 ἀριστον

455 3349 545 3422 οἶνον
568 3354 788 3439 ἐνεικαμένοις
809 3354 994 3441 μεθύσθην.

206 3481 240 3546 ἐν
264 3481 302 3547 δέ
322 3485 395 3560 ταῖς
417 3472 605 3567 εύφρόναις·
630 3483 678 3563 (fr.
704 3486 757 3564 20)

452 3610 507 3672 νῦν
528 3603 588 3696 χρη
603 3606 786 3693 ’μεθύσθην
807 3605 866 3672 καί
887 3632 961 3672 τινα
983 3602 1067 3692 πρὸς
1088 3605 1166 3691 βίαν

452 3707 565 3797 πώνην
588 3704 707 3801 ἐπειδη
728 3707 874 3779 κάτθανε
896 3711 1079 3797 Μυρσίλος.

206 3837 264 3903 καὶ
287 3834 437 3904 καθόλου
460 3837 498 3902 δὲ
519 3834 750 3924 συμβουλεύειν
772 3837 889 3927 φησίν
914 3838 963 3918 (s.
985 3841 1039 3918 44)

372 3962 474 4050 μηδὲν
499 3955 581 4030 ἀλλο
604 3962 764 4051 φυτεύσῃς
785 3963 944 4048 πρότερον
967 3962 1116 4048 δένδρεον
1138 3955 1289 4047 ἀμπέλω.

207 4090 280 4166 πῶς
309 4075 365 4153 σύν
398 4084 528 4170 ἐμελλεν
557 4083 575 4156 ὁ
606 4087 666 4155 ἐπὶ
695 4093 851 4156 τοσοῦτον
881 4082 1066 4175 φιλοπότης
1099 4087 1260 4174 νηφάλιος
1291 4080 1377 4154 εἶναι
1407 4091 1470 4157 καὶ

207 4185 291 4260 καθ’
318 4189 373 4258 ένα
396 4193 454 4258 καί
478 4193 536 4261 δύο
558 4191 705 4273 κυάθους
727 4193 836 4260 πίνειν
844 4223 853 4274 ,·
882 4189 961 4261 αότὸ
984 4195 1060 4278 γούν
1078 4188 1115 4258 τὸ
1137 4191 1349 4279 ποιημάτιον,
1380 4195 1470 4282 φησὶ

207 4299 373 4378 Σέλευκος,
396 4293 626 4386 ἀντιμαρτυρεῖ
646 4305 717 4379 τοῖς
738 4294 825 4367 ούτω
849 4297 1083 4382 ἐκδεχομένοις.
1115 4299 1198 4384 φησί
1222 4297 1283 4383 γάρ
1306 4300 1352 4382 (fr.
1374 4301 1431 4385 41)
