3250 4980
678 377 890 442 „,5..

149 555 200 601 cc.
224 536 328 596 2-18
351 535 486 597 insertas
508 554 580 596 esse
601 533 747 596 vidimus.
791 533 870 596 Illae
892 542 1002 608 autem
1021 543 1096 596 sunt
1118 533 1255 596 Seleuci.
1302 533 1412 614 Quare

149 639 250 702 etiam
264 658 415 703 versuum
437 639 458 703 δ
474 639 600 719 55-56
622 637 780 702 athetesin
798 639 830 700 ‚ei
844 639 981 700 vindico.
1016 635 1114 718 Q'uod
1136 641 1202 701 veri
1218 637 1256 701 fit
1269 639 1411 715 similius,

149 745 228 825 quia
248 745 311 806 iam
328 745 421 827 plura
443 766 487 808 ex
502 744 628 808 Seleuci
650 743 681 805 in
697 744 837 806 eundem
859 742 975 805 librum
995 741 1263 807 &commentario
1279 745 1413 826 protulit

149 849 350 912 Athenaeus

238 955 343 1018 Pauca
372 955 508 1018 dicenda
538 963 612 1017 sunt
640 955 681 1016 de
711 974 763 1015 vv.
787 979 800 1019 ι
823 968 905 1033 ssq.
935 952 1072 1016 multum
1101 954 1245 1016 tractatis
1274 955 1412 1034 antiquis

149 1061 362 1142 temporibus,
387 1061 462 1142 quia
477 1059 593 1124 Ulixes
607 1060 671 1123 illic
686 1059 862 1141 voluptatis
879 1060 1006 1122 videtur
1022 1079 1093 1120 esse
1108 1057 1265 1122 laudator.
1299 1058 1412 1142 Atque

149 1163 215 1227 hoc
237 1164 359 1228 diluere
388 1166 507 1227 crimen
529 1173 664 1229 conatus
694 1174 744 1228 est
766 1165 864 1228 etiam
887 1163 1050 1237 Seleucus,
1084 1165 1172 1244 quod
1199 1165 1346 1227 videmus
1369 1186 1412 1226 ex

151 1269 276 1332 scholio
302 1271 383 1332 Tad
403 1282 449 1348 ι5
475 1272 530 1347 (ex
550 1268 759 1355 Porphyriol:
797 1266 954 1348 Σέλευκος
976 1268 1014 1334 δέ
1035 1263 1092 1356 τὴν
1115 1262 1313 1357 εὐφροσύνην
1335 1262 1414 1335 ὅταν

150 1359 190 1440 εὖ
212 1376 380 1462 φρονῶμεν
402 1371 461 1439 καὶ
492 1371 608 1457 [σώζει]
631 1371 690 1463 τὴν
719 1367 922 1458 αὐτάρκειαν,
955 1375 1010 1438 ἵνα
1041 1368 1088 1460 μὴ
1118 1371 1276 1462 φαίνηται
1309 1367 1416 1454 κόλαξ

152 1479 238 1563 (sort.
263 1471 468 1561 ἀκόλαστος).
504 1478 714 1543 coniunxerit
733 1479 847 1562 aliquis
861 1479 924 1543 hoc
947 1480 1093 1543 scholion
1114 1500 1189 1542 cum
1211 1500 1251 1542 ea
1269 1481 1413 1543 eiusdem

150 1585 349 1667 quaestionis
376 1584 544 1658 solutione,
575 1605 659 1666 quae
688 1585 776 1665 apud
798 1584 1006 1648 Athenaeum
1028 1585 1058 1647 II
1080 1606 1113 1666 p.
1136 1585 1209 1662 40d
1230 1594 1322 1648 extat
1344 1587 1414 1672 (ση-

149 1687 261 1772 μαίνει
286 1685 322 1754 τδ
345 1689 439 1767 τέλος
453 1683 516 1776 τὴν
537 1687 683 1770 θοσίαν),
705 1690 894 1770 praesertim
916 1710 990 1752 cum
1013 1690 1112 1772 paulo
1135 1690 1330 1772 praecedant
1353 1689 1413 1754 Se-

152 1795 235 1857 leuci
257 1815 375 1856 vocum
397 1791 499 1879 θοίνη
520 1803 554 1857 et
576 1790 700 1858 θαλεία
722 1794 953 1876 etymologiae.
986 1796 1102 1875 Neque
1120 1803 1230 1857 tamen
1251 1795 1315 1858 hoc
1337 1805 1413 1877 pot-

149 1910 202 1962 est
230 1898 374 1972 desendi,
406 1901 494 1982 quod
524 1900 557 1961 in
578 1900 680 1962 schol.
702 1899 767 1963 Vd.
790 1901 832 1963 D.
856 1899 898 1962 H.
922 1901 981 1964 sibi
1003 1909 1213 1982 opponuntur
1234 1898 1307 1961 illae
1330 1901 1413 1962 duae

151 2005 344 2068 solutiones:
369 2001 402 2070 οί
426 2003 463 2069 δέ
480 1997 550 2069 ἀπὸ
566 2013 622 2084 τῆς
643 2003 777 2086 λέξεως·
801 2004 860 2071 καί
881 1999 1003 2070 τούτων
1022 1999 1055 2070 oi
1076 2003 1136 2086 μέν
1158 1996 1209 2070 ὅτι
1232 1996 1414 2090 εὐφροσύνη

148 2111 208 2194 τῆς
240 2100 357 2195 ἡδονῇς
384 2111 432 2195 τῷ
461 2111 594 2194 φρονεῖν
624 2110 777 2196 διαφέρει
806 2110 992 2194 (Seleucus),
1024 2105 1057 2175 οί
1089 2108 1127 2174 δέ
1154 2101 1204 2174 δτι
1233 2107 1326 2188 τέλος
1354 2107 1414 2175 ἐπὶ

150 2213 276 2292 θυσίας
307 2215 431 2296 (scripsi
451 2235 511 2296 pro
540 2205 667 2295 οὐσίας)
695 2206 716 2295 ἲ
737 2209 859 2295 τάξεως
885 2205 906 2300 ἢ
928 2207 1203 2300 σομπληροίσεως,
1236 2207 1414 2281 ἀκουστέον

152 2317 193 2383 δέ
213 2320 278 2385 τῶν
300 2315 385 2406 πρὸς
406 2313 547 2400 εὐωχίαν
561 2319 786 2402 (Athenaeus).
818 2321 909 2403 Ergo
925 2321 1133 2384 Athenaeum
1156 2320 1188 2400 (l.
1204 2319 1244 2405 c.)
1268 2322 1300 2383 id
1323 2323 1413 2402 quod

150 2425 193 2486 de
220 2423 313 2504 τέλος
335 2435 368 2489 et
390 2422 501 2512 τελετή
530 2426 614 2500 dicit,
650 2446 693 2488 ex
723 2427 828 2490 lexico
858 2426 1032 2508 sumpsisse
1054 2425 1215 2488 existimo.
1260 2425 1413 2489 Ceterum

151 2527 308 2593 Seleucus
331 2531 535 2606 solutionem,
567 2551 651 2613 quae
674 2534 704 2594 ei
732 2531 889 2603 tribuitur,
921 2551 986 2593 non
1015 2531 1085 2611 ipse
1115 2530 1243 2603 invenit,
1277 2531 1336 2593 sed
1356 2552 1412 2593 ac-

150 2633 239 2714 cepit
260 2635 302 2697 ab
324 2636 540 2698 Eratosthene
561 2635 611 2715 (cf.
635 2635 757 2699 Athen.
779 2635 793 2696 Ι
815 2656 847 2717 p.
876 2636 965 2718 16d).

236 2739 430 2803 Extremum
459 2739 568 2802 locum
601 2741 688 2822 apud
716 2740 931 2822 Apollonium
959 2739 1142 2822 Dyscolum
1175 2747 1262 2820 synt.
1298 2739 1366 2821 167,
1394 2754 1409 2820 5

150 2854 314 2908 servatum
336 2865 454 2927 augere
476 2865 639 2909 conemur.
673 2846 759 2910 Dicit
780 2846 992 2928 Apollonius:
1018 2841 1095 2909 έαεί
1117 2831 1174 2910 οὖν
1198 2838 1414 2931 προήλθομεν

149 2944 200 3027 είς
233 2944 291 3029 τὰς
320 2942 546 3031 ἆντωννμὶκὰς
583 2942 713 3040 γραφαῖς
748 2954 807 3017 τοῦ
840 2945 1042 3038 Ζηνοδότοο,
1081 2941 1119 3015 οδ
1158 2947 1318 3035 παρέλκει
1355 2947 1413 3014 καὶ

151 3052 309 3139 περὶτοῦ
688 3139 696 3162 1
765 3135 774 3160 Ι
887 3141 902 3155 ..

662 3165 713 3220 τις
732 3165 794 3227 ταρ
809 3161 899 3226 σφωι

152 3263 341 3348 διαλαβεῖν·
370 3263 428 3354 τὴν
456 3263 518 3351 γὰρ
546 3263 701 3353 τοιαύτην
723 3264 849 3355 γραφὴν
876 3263 935 3331 καὶ
965 3264 1125 3342 Σέλευκος
1152 3263 1324 3350 προκρίνει
1355 3265 1413 3331 καί

150 3359 249 3435 ἄλλοι
289 3370 461 3453 πλεῖστοι,
500 3369 766 3456 παρατιθέμενοι
802 3370 861 3436 καὶ
895 3363 1044 3449 ἐκδόσεις
1082 3365 1274 3453 Ὁμηρικός.
1330 3371 1413 3434 Mox

150 3475 311 3555 sequitur,
351 3477 467 3558 quibus
498 3477 539 3540 de
572 3478 677 3540 causis
710 3476 866 3540 Seleucus
898 3477 1061 3556 ceterique
1099 3496 1172 3539 eam
1205 3476 1413 3557 praetulerint

151 3578 343 3644 lectionem:
378 3579 564 3647 καθιστᾶσί
586 3603 622 3646 τε
652 3574 825 3666 τὸνλόγον
858 3575 960 3660 οὕτως
988 3576 1054 3650 κτέ.
1099 3579 1191 3662 Quas
1223 3603 1337 3645 causas
1369 3604 1411 3644 ex

152 3686 298 3766 ipsorum
320 3690 606 3769 grammaticorum
628 3687 716 3751 libris
746 3708 817 3751 esse
838 3688 1017 3769 descriptos
1040 3707 1145 3750 exeo
1168 3687 1295 3763 elucet,
1324 3688 1411 3769 quod

150 3788 232 3852 infra
255 3773 345 3855 -dicit'
371 3792 567 3875 Apollonius
596 3794 694 3857 etiam
723 3793 816 3856 aliter
844 3791 971 3856 defendi
1000 3813 1098 3876 posse
1126 3812 1200 3854 eam
1222 3791 1409 3854 lectionem:

149 3891 222 3961 ἔστι
244 3890 513 3984 καθολικώτερον
534 3893 639 3984 φάναι
661 3893 805 3982 κάκεῖνο,
833 3893 899 3966 κτέ.
939 3897 1065 3978 Quodsi
1088 3917 1133 3960 ex
1154 3897 1209 3972 eis,
1241 3898 1296 3977 qui
1318 3917 1412 3979 prae·

150 3999 297 4064 serebant
327 4023 400 4066 eam
430 4002 612 4088 lectionem,
644 4005 788 4068 nominat
817 4004 923 4068 solum
946 4003 1128 4078 Seleucum,
1163 4002 1334 4065 verisimile
1362 4013 1412 4066 est

148 4126 265 4169 causas
287 4107 392 4171 eidem
411 4108 530 4173 deberi.

238 4209 384 4277 Collecta
405 4215 432 4276 si
454 4213 686 4296 perlustramus
704 4215 951 4278 Homericamm
973 4216 1198 4298 quaestionum
1220 4211 1410 4295 fragmenta,

149 4315 325 4381 Seleucum
358 4329 392 4382 et
423 4319 606 4402 interpretis
640 4329 672 4382 et
708 4321 807 4383 critici
843 4341 975 4384 munere
1008 4323 1128 4402 pariter
1163 4319 1307 4383 functum
1340 4339 1411 4383 esse
