3250 4980
698 357 909 423 ,5,-

325 511 488 593 πίνωμεν·
510 510 543 574 τὶ
565 508 606 576 τὰ
628 503 716 592 λύχν’
745 502 941 595 δμμένομεν;
964 506 1122 590 δάκτυλος
1144 504 1260 596 ἀμέρα.

324 611 388 680 κάδ
412 608 445 681 δ’
472 607 560 700 ἀειρε
582 615 750 699 κυλίχναις
771 615 930 704 μεγάλαις
953 618 1189 682 αιταποικιλα·

324 712 413 787 οἶνον
434 717 497 806 γάρ
519 721 665 806 Σεμέλας
685 721 743 787 καὶ
766 718 851 802 Διὸς
871 719 943 802 υίὸς
965 718 1154 788 λαθικάδεα

323 821 556 912 ἀνθρώποισιν
579 821 689 894 ἔδωκ’.
719 824 808 912 έγχεε
830 827 961 913 κέρναις
983 825 1040 893 ἕνα
1062 827 1121 893 καί
1144 823 1202 892 δύο

322 931 456 1010 πλέαις·
478 957 544 998 κακ
566 934 729 1020 κεφαλᾶς·
753 927 805 1020 [ἀ]
828 925 859 997 δ’
881 926 981 1018 ἀτέρα
1003 929 1062 998 τάν
1077 928 1195 1015 ἁτέραν
1213 927 1311 1011 κύλιξ

322 1032 455 1124 ὠθήτω.

167 1159 225 1227 ἕνα
246 1157 331 1247 πρὸς
350 1158 409 1229 δύο
431 1168 533 1250 ῥητῶς
554 1159 703 1249 κιρνάναι
726 1160 874 1232 κελεύων.
909 1163 1031 1230 Athen.
1054 1163 1086 1224 X
1107 1165 1274 1242 430a-d.
1308 1163 1427 1225 Partim

166 1270 292 1350 repetit.
315 1269 330 1330 Ι
353 1285 429 1333 22e.
476 1270 614 1333 Videtur
641 1269 705 1332 hoc
735 1269 952 1351 fragmentum
974 1269 1118 1331 extitisse
1147 1268 1178 1330 in
1203 1269 1428 1350 quaestionum

167 1372 275 1454 aliqua
298 1373 436 1455 sylloge.

251 1475 409 1558 Σέλευκος
438 1478 475 1543 δέ
506 1482 645 1566 Θρακῶν
674 1478 759 1566 φησί
787 1502 878 1558 τινας
906 1477 941 1544 έν
968 1481 1039 1557 τοῖς
1060 1475 1262 1560 συμποσίοις
1291 1472 1428 1563 ἀγχόνην
1437 1471 1487 1535 80·

168 1580 302 1663 παίζειν
322 1577 441 1668 βρόχον
460 1579 662 1672 ἀρτήσαντας
691 1581 728 1650 ἔκ
749 1606 837 1660 τινος
865 1575 980 1666 ύψους,
1006 1577 1091 1667 πρὸς
1111 1571 1149 1647 δν
1171 1577 1256 1647 κατὰ
1285 1576 1427 1649 κάθετον

45 1760 48 1767 ,
166 1680 399 1754 ὑποτίθεσθαι
423 1689 685 1773 (προςτίθεσθαι
707 1691 750 1756 A.
774 1689 824 1771 C.)
849 1686 947 1752 λίθον
970 1681 1222 1773 εὐπερίτρεπτον
1245 1688 1330 1769 (τοῖς
1353 1683 1427 1752 ε’πι-

166 1791 320 1875 βαίνουσι
348 1795 415 1856 iure
437 1807 578 1878 suspect.
602 1798 728 1860 videtur
750 1795 871 1876 Kaib.).
905 1787 1138 1877 διαλαγχάνειν
1156 1784 1211 1858 ούν
1233 1788 1349 1871 αύτούς
1369 1783 1428 1858 καὶ

165 1894 223 1962 τὸν
237 1894 378 1978 λαχόντα
400 1894 515 1980 ἔχοντα
537 1897 714 1987 δρεπάνιον
736 1897 924 1985 ἐπιβαίνειν
938 1901 986 1983 τῷ
1007 1887 1106 1982 λίθηνΙ
1119 1897 1176 1963 καί
1191 1893 1248 1963 τὸν
1269 1892 1429 1984 τράχηλον

166 1997 217 2080 είς
237 1998 293 2070 τὸν
307 2002 426 2088 βρόχον
449 2001 625 2075 ἐντιθέναι.
655 2002 898 2092 παρερχόμενον
913 2001 951 2068 δέ
969 1994 1069 2066 ἀλλον
1089 1999 1226 2087 ε’γείρειν
1241 1997 1297 2068 τὸν
1312 2001 1429 2069 λίθον·

166 2106 226 2172 καί
254 2099 272 2173 δ
301 2102 500 2194 κρεμάμενος
533 2103 769 2197 ὑποτρέχοντος
802 2109 1045 2194 (έπιτρέχοντος
1073 2109 1116 2170 A.
1147 2107 1197 2191 C.)
1226 2109 1285 2173 τού
1317 2106 1427 2192 λίθου,

166 2206 226 2277 ἐὰν
245 2207 287 2294 μί
312 2210 392 2294 ταχὺ
416 2209 556 2300 φθάσας
578 2211 731 2302 ἀποτέμῃ
753 2218 800 2303 τῷ
823 2210 985 2298 δρεπάνῳ,
1015 2211 1154 2297 τέθνηκε
1180 2211 1239 2277 καί
1269 2212 1303 2278 οί
1331 2203 1427 2278 ἀλλοι

166 2317 286 2402 γελῶσι
320 2301 464 2384 πάιδιάν
495 2314 621 2400 ἔχοντες
648 2313 704 2384 τὸν
737 2317 862 2385 ἐκείνου
893 2313 1050 2384 θάνατον.
1095 2319 1216 2382 Athen.
1247 2319 1296 2380 IV
1330 2333 1426 2398 155e.

164 2424 244 2485 Post
258 2423 357 2486 verba
381 2419 417 2488 έκ
432 2447 519 2503 τινος
540 2417 647 2509 ύψους
668 2426 740 2491 cod.
757 2420 962 2511 στρογγύλον,
987 2424 1076 2506 quod
1096 2424 1158 2487 del.
1174 2425 1281 2499 Kaib„
1305 2433 1426 2504 transp.

165 2537 242 2610 post
265 2527 364 2593 λίθον
386 2529 517 2597 Wilam.

250 2635 308 2718 τῆς
337 2631 375 2698 δὲ
407 2629 492 2699 κατά
524 2636 638 2700 τοῦτον
667 2635 746 2715 (scil.
777 2632 957 2714 Memphin)
988 2626 1151 2720 ὀρχήσεως
1182 2636 1240 2719 τῆς
1266 2628 1487 2721 Ἰταλικῆςὸι.

167 2740 332 2824 (τραγικῆς
354 2741 439 2820 cod.)
462 2739 664 2824 καλουμένης
685 2734 850 2825 είςηγητῆς
873 2736 983 2823 γέγονε
1005 2731 1184 2816 Βάθυλλος
1205 2733 1223 2802 δ
1245 2732 1276 2820 (ὁ
1296 2761 1361 2804 om.
1378 2739 1427 2822 C.)

168 2839 408 2929 Ἀλεξανδρεύς,
432 2837 468 2911 όν
493 2866 576 2930 φησι
599 2842 827 2926 παντομίμους
841 2845 1050 2926 (Herweerd.,
1076 2845 1129 2923 qui
1153 2845 1242 2907 addit
1261 2835 1426 2933 δρχῆσειςτ

166 2948 315 3031 νομίμως
335 2949 371 3015 C.
386 2951 436 3032 E.)
462 2943 673 3036 ὀρχήσασθαι
695 2947 861 3028 Σέλευκος.
895 2948 1017 3016 Athen.
1040 2949 1055 3010 Ι
1078 2948 1158 3014 zod.
1191 2949 1251 3012 Pro
1272 2954 1428 3036 τραγικῆς

165 3055 241 3117 Wil.
266 3056 402 3118 coniecit
423 3047 594 3142 Ἰταλικῆς.
639 3055 781 3136 Bathylli
811 3056 896 3117 enim
925 3054 1055 3116 saltatio
1084 3052 1267 3138 ἱλαρωτέρα
1293 3066 1427 3119 vocatur

165 3161 208 3222 ab
242 3161 415 3223 Athenaeo
444 3181 476 3242 p.
502 3177 580 3226 20e.
632 3160 680 3226 Cf.
711 3161 844 3224 Suidam
874 3181 899 3226 s.
930 3180 960 3221 ν.
1009 3157 1183 3243 Πυλάδης·
1221 3159 1327 3240 Κίλιξ
1358 3154 1427 3227 ἀπὸ

163 3261 277 3350 κώμης
298 3268 514 3350 Μησταρνῶν,
546 3261 672 3349 ἔγραψε
701 3264 779 3349 περὶ
809 3258 972 3350 ὀρχῆσεως
997 3266 1054 3350 τῆς
1078 3259 1246 3353 Ἰταλικῆς,
1277 3259 1347 3350 ῆτις
1369 3265 1428 3331 καί

165 3362 227 3436 ἀπ’
254 3367 353 3435 αὐτοῦ
374 3362 494 3455 εὑρέθη
525 3364 594 3435 ἀπὸ
615 3372 672 3456 τῆς
693 3373 841 3458 κωμικῆς
870 3365 1041 3458 ὀρχήσεως,
1070 3359 1092 3455 ῆ
1115 3367 1264 3435 ἐκαλεῖτο
1293 3367 1425 3455 κόρδαξ,

164 3474 224 3540 καὶ
246 3477 304 3562 τῆς
326 3479 500 3562 σατυρικῆς
522 3472 587 3540 κτὲ.

250 3577 309 3658 τὰς
343 3579 403 3662 μέν
439 3570 494 3645 σύν
531 3571 609 3658 ὅλας
644 3580 722 3661 (scil.
757 3576 869 3663 ἀρχάς)
902 3573 1019 3667 Ἑρμῆς
1056 3577 1089 3645 έν
1126 3583 1200 3657 ταῖς
1238 3579 1424 3666 διςμυρίαις
1435 3585 1484 3645 82.

165 3685 306 3770 βίβλοις,
339 3678 383 3763 ὡς
403 3684 559 3763 Σέλευκος
588 3676 809 3770 ἀπεγράψατο
838 3676 859 3770 ῆ
887 3687 962 3764 ταῖς
990 3684 1195 3771 τριςμυρίαις
1222 3709 1257 3751 τε
1287 3685 1346 3750 καί
1376 3682 1425 3766 έξ-

166 3788 372 3872 ακισχιλίαις
386 3789 444 3853 καὶ
467 3790 702 3868 πεντακοσίαις
720 3790 779 3855 καί
795 3785 902 3856 είκοσι
918 3790 1025 3868 πέντε,
1048 3783 1092 3868 ὡς
1106 3792 1276 3868 Μανεθῶς
1293 3786 1425 3876 ἱστορεῖ,

165 3894 284 3974 τελέως
314 3886 466 3974 ἀνέδειξ.
507 3895 624 3976 Jambl.
654 3896 754 3978 Myst.
785 3897 871 3977 Aeg.
894 3896 973 3958 VIII
1004 3918 1031 3962 c.
1058 3915 1084 3962 1.
1129 3898 1198 3960 Aut
1232 3898 1319 3960 libris
1348 3897 1426 3981 περί

165 3997 371 4087 φιλοσοφίας
398 4000 461 4062 hoc
494 3999 712 4081 fragmentum
741 4003 867 4064 videtur
894 4022 965 4063 esse
995 4003 1233 4064 attribuendum
1263 4011 1319 4064 aut
1348 4001 1426 4084 περί

164 4109 263 4180 θεῶν,
287 4106 345 4167 nisi
362 4103 443 4166 forte
466 4104 658 4186 theologum
674 4109 805 4169 omnino
820 4107 862 4169 ab
878 4107 1055 4169 Homerico
1071 4106 1207 4170 Seleuco
1230 4107 1425 4188 distinguere

164 4214 223 4280 vis,
262 4210 311 4274 Cs.
333 4210 516 4272 Partheium
539 4211 581 4272 ad
603 4211 665 4279 loc.

938 4306 942 4315 ι

594 4330 991 4346 -ψ-
