3250 4980
691 373 901 436 ..37-

166 522 209 584 A.
235 522 270 586 C.
302 545 382 586 corr.
406 525 514 606 Kaib.)
544 528 614 602 τοῖς
642 520 771 611 ἤθεσιν.
810 518 1026 611 νοίμαιγὰρ,
1057 527 1167 614 φησίν,
1198 527 1334 595 ἕκαστον
1361 535 1425 596 τῶν

165 627 344 713 χαριέντων
367 623 556 709 ἀνθρώπων
572 626 657 710 ἐχειν
680 629 737 696 καί
755 627 878 695 οἰκεῖον
899 630 957 696 καί
974 631 1082 717 φίλον,
1105 630 1191 718 πρὸς
1212 624 1250 699 ὃν
1266 627 1305 698 ἀν
1327 631 1424 701 ἐλθοι

167 732 291 811 θυσίας
314 725 412 818 οὐσης
432 732 489 798 τὸν
510 735 671 800 καλοῦντα
693 733 738 820 μή
759 735 983 818 περιμείναςτ.
1005 732 1148 802 Πλάτων
1171 735 1201 803 δ’
1222 738 1255 804 ἐν
1276 743 1323 825 τῷ
1345 763 1424 823 συμ-

165 837 279 924 ποσίφ
301 838 380 921 περὶ
403 844 467 904 τῶν
490 835 595 905 αὐτῶν
617 839 705 923 λέγει
729 833 830 919 οὐτως
852 843 895 923 (p.
917 858 976 922 174
985 845 1029 924 b)·
1057 845 1128 908 »ἵνα
1147 843 1205 909 καί
1227 841 1284 932 την
1305 871 1425 928 παροι-

163 943 247 1026 μίαν
269 943 378 1029 (φησί)
403 945 652 1030 διαφθείρωμεν
673 940 940 1027 μεταβάλλοντες,
970 940 1013 1025 ὡς
1036 943 1100 1034 ἀρα
1121 947 1178 1012 καί
1204 945 1341 1034 ἀγαθῶν
1364 947 1424 1016 ἐπί

165 1049 285 1127 δαῖτας
313 1044 406 1114 ’ίασιν
436 1047 615 1132 αὐτόματοι
645 1045 781 1136 ἀγαθοί.
822 1045 966 1138 Ὅμηρος
995 1052 1054 1134 μέν
1088 1049 1149 1137 γὰρ
1177 1050 1356 1120 κινδυνεύει
1387 1048 1424 1121 οὐ

163 1148 266 1236 μόνον
296 1155 496 1242 διαφθεῖραι
527 1148 612 1220 ἀλλὰ
640 1156 697 1221 καί
727 1149 862 1240 ὑβρίσαι
888 1154 936 1234 είς
967 1154 1072 1244 αὐτήν.
1105 1156 1249 1244 ποιήσας
1279 1155 1350 1244 γάρ
1369 1153 1424 1226 τόν

165 1254 395 1343 Ἀγαμέμνονα
418 1253 602 1344 ἀγαθόντὰ
617 1258 784 1342 πολεμικά
801 1258 854 1343 (τὰ
873 1261 1021 1344 πολέμια
1043 1264 1085 1326 Α.
1103 1263 1152 1345 C.)
1174 1259 1229 1329 τὸν
1254 1266 1423 1330 Μενέλαον

163 1363 204 1428 δέ
219 1360 395 1447 μαλθακὸν
411 1363 576 1452 αἰχμητήν,
599 1365 724 1430 θυσίαν
737 1365 939 1447 ποιουμένου
953 1371 1011 1433 τοῦ
1028 1368 1269 1452 Αγαμέμνονος
1284 1361 1424 1456 ἀκλητον

164 1469 323 1556 ἐποίησεν
343 1465 486 1535 ἐλθόντα
508 1463 564 1536 τδν
585 1470 716 1554 χείρονα
740 1469 799 1536 ἐπὶ
813 1471 876 1557 ,τὴν
904 1475 962 1537 τοῦ
985 1468 1157 1553 ἀμείνονος
1180 1474 1329 1540 δίαιτανι
1356 1529 1391 1542 ,.
1415 1529 1421 1540 .

164 1571 204 1640 οὐ
229 1569 366 1654 δεόντως
390 1576 427 1640 δέ
449 1578 506 1656 (sic
534 1575 578 1651 C.,
612 1580 688 1660 γοῦν
720 1579 775 1658 Α.)
819 1575 961 1642 Πλάτων
990 1574 1045 1644 τὸν
1073 1580 1246 1645 Μενέλεων
1276 1575 1423 1662 ἐνόμισεν

163 1673 252 1744 εἶναι
276 1679 393 1762 δειλόν,
418 1669 454 1746 δν
469 1671 648 1765 ἀρηίφιλον
664 1673 809 1766 Ὅμηρος
825 1681 911 1766 λέγει
935 1683 991 1747 καὶ
1007 1681 1106 1764 μόνον
1127 1681 1211 1769 ὐπέρ
1228 1681 1422 1770 Πατρόκλου

166 1781 403 1868 ἀριστεύσαντα
435 1789 477 1866 (Ρ
500 1788 526 1868 Ι)
558 1785 615 1850 καὶ
644 1789 690 1872 τῷ
713 1783 844 1871 Ἕκτορι
874 1782 939 1870 πρὸ
965 1783 1097 1854 πάντων
1126 1785 1302 1873 πρόθυμον
1324 1815 1422 1873 μονα-

163 1895 284 1972 μαχεῖν
299 1894 492 1975 (προθυμῶν
506 1896 687 1974 μονομαχεῖ
704 1894 757 1974 A.)
781 1897 825 1974 (H
838 1895 903 1974 94),
926 1893 1048 1977 καίπερ
1062 1887 1197 1982 ἀντατῇ
1210 1893 1302 1982 ῥώμη
1325 1922 1422 1962 κατα-

165 1995 341 2081 δεέστερον,
373 1992 429 2084 ἐφ’
456 1985 494 2062 οὐ
516 1991 616 2078 μόνου
638 2000 701 2062 τῶν
724 1999 1009 2082 στρατευσαμένων
1031 1995 1171 2084 ε’ίρηκεν·
1205 2004 1246 2082 (Β
1271 2005 1344 2084 588)
1372 2001 1423 2067 »ἐν

165 2096 198 2166 δ’
220 2093 314 2180 αὐτὸς
336 2101 404 2166 κίεν
426 2088 482 2189 ᾗσι
499 2101 709 2188 προθυμίῃσι
726 2099 935 2182 πεποιθώςτ.
960 2100 990 2168 εί
1013 2104 1050 2168 δέ
1069 2100 1086 2169 ὁ
1103 2102 1223 2190 ἐχθρὸς
1242 2102 1259 2172 ὃ
1275 2109 1422 2196 βλασφη-

164 2211 237 2286 μῶν
259 2199 290 2289 (δ
314 2204 448 2291 αἰσχρός
472 2209 678 2294 βλασφημῶν
702 2207 738 2274 C.
761 2209 800 2271 cf.
825 2210 924 2271 schol.
944 2214 973 2272 P
994 2212 1067 2291 588)
1091 2206 1187 2274 αὐτὸν
1209 2205 1318 2295 ε’ίρηκε
1340 2214 1422 2292 μαλ-

164 2308 274 2377 θακὸν
297 2309 455 2400 αἰχμητὴν
484 2313 541 2377 καὶ
571 2309 627 2377 διὰ
656 2314 751 2378 τοῦτο
775 2307 916 2379 Πλάτων
945 2317 991 2398 τῷ
1022 2307 1091 2381 ἀντι
1119 2312 1297 2396 μαλθακὸν
1326 2312 1423 2384 αὐτὸν

163 2411 405 2500 ἀπολαμβάνει,
436 2414 494 2483 οὐκ
517 2410 557 2483 ἀν
586 2416 714 2506 φθάνοι
738 2417 795 2482 καί
825 2415 880 2484 τὸν
903 2415 1130 2504 Ἀγαμέμνονα
1159 2421 1268 2499 τιθεὶς
1298 2419 1423 2502 ἐντοῖς

165 2517 323 2607 φαόλοις,
358 2513 394 2590 ὃν
424 2517 519 2601 αὐτός
548 2544 650 2608 φησιν
682 2514 767 2587 εἶναι
798 2519 936 2607 ἀγαθόν,
970 2519 1065 2607 ε’ίπερ
1095 2521 1142 2603 εἰς
1171 2518 1267 2591 αὐτὸν
1294 2523 1419 2612 εἴρηται

162 2631 259 2692 τοῦτο
289 2623 326 2694 τὸ
357 2625 438 2706 ἐπος
461 2631 513 2710 (Α
533 2633 624 2710 225)·
663 2624 858 2713 »οἰνοβαρές
890 2625 983 2706 κυνὸς
1014 2621 1133 2710 ὄμματ’
1162 2626 1251 2710 ἔχων,
1285 2634 1422 2719 κραδίην

165 2729 337 2818 ἐλάφοισι.
367 2729 403 2798 οὐ
427 2729 488 2818 γὰρ
510 2729 545 2799 εἴ
563 2759 596 2798 τι
619 2732 747 2818 λέγεται
770 2725 852 2818 παρ)
874 2725 1012 2818 Ὁμήρῳ,
1035 2727 1132 2800 τοῦθ>
1156 2721 1300 2821 Ὅμηρος
1322 2737 1420 2822 λέγει.

164 2841 239 2915 πῶς
262 2834 322 2921 γὰρ
344 2829 384 2901 ἀν
406 2833 457 2923 εἴη
480 2835 655 2918 μαλθακὸς
677 2839 848 2917 Μενέλαος
871 2833 963 2904 δτὸν
983 2833 1121 2924 Ἕκτορα
1143 2837 1241 2922 μόνος
1263 2835 1422 2928 ἀπείρξας

165 2945 226 3007 τοῦ
240 2938 435 3023 Πατρόκλου
455 2943 514 3009 καί
528 2935 701 3032 Εὐφορβον
717 2939 914 3022 ἀποκτείνας
935 2969 970 3009 τε
985 2945 1041 3009 καί
1065 2941 1243 3025 σκυλεόσας
1258 2944 1292 3012 ἐν
1306 2949 1421 3030 μέσοις

163 3051 236 3126 τοῖς
263 3048 383 3132 Τρωσί.
417 3043 454 3114 τὸ
477 3049 514 3114 δέ
535 3049 620 3132 μηδὲ
642 3046 697 3115 τὸν
719 3049 839 3130 στίχον,
862 3037 899 3114 δν
920 3045 1043 3136 ᾐτιᾶτο,
1065 3049 1199 3128 τελείως
1222 3057 1420 3140 κατανοῆσαι

162 3144 301 3234 ἀτοπον,
332 3146 378 3217 δι’
406 3136 444 3218 οὐ
465 3150 546 3240 βοὴν
569 3146 698 3238 ἀγαθός
719 3154 892 3232 Μενέλαος
915 3153 1053 3237 λέγεται.
1091 3159 1162 3234 τοῖς
1192 3152 1251 3242 γὰρ
1276 3153 1420 3244 ἀνδρειο-

162 3251 434 3343 τάτοιςὍμηρος
454 3254 574 3323 ε’ίωθεν
595 3259 776 3344 ἐπιφωνεῖν
791 3253 975 3324 καλούντων
997 3263 1061 3324 τῶν
1076 3261 1232 3326 παλαιῶν
1253 3262 1308 3329 τὸν
1323 3260 1420 3331 πόλε-

162 3361 329 3447 μονβοην.
363 3365 818 3446 Athen.Vp.1770—-178e.
853 3366 905 3427 De
921 3387 1000 3428 voce
1016 3361 1080 3452 βοή
1095 3367 1133 3429 cs.
1150 3368 1202 3430 Et.
1221 3391 1262 3434 m.·
1280 3388 1351 3446 202,
1369 3388 1419 3452 25.

162 3469 276 3550 Apoll.
300 3469 401 3550 Soph.
427 3479 459 3531 et
480 3470 558 3534 Hes,
581 3493 604 3535 s.
628 3493 658 3534 v.

261 3579 291 3637 Γ
318 3593 345 3654 3.
398 3573 511 3659 Σαφές
542 3575 579 3639 δὲ
612 3570 663 3642 ὅτι
697 3578 754 3642 καὶ
787 3581 946 3657 Σέλευκος
978 3580 1036 3645 καί
1069 3579 1101 3645 οὶ
1133 3581 1287 3646 πλεῖστοι
1321 3575 1479 3667 ὐγιῶςῑο.

162 3678 308 3764 ἐφίστων
336 3683 382 3766 τῷ
412 3675 571 3762 οὐρανόθι
599 3676 673 3764 πρό.
707 3679 810 3772 ἡγὰρ
840 3682 889 3762 είς
914 3690 963 3766 θι,
986 3683 1169 3773 παραγωγὴ
1196 3681 1234 3751 τὸ
1263 3682 1297 3751 ἐν
1325 3683 1420 3774 τόπφ

161 3785 325 3870 σημαίνει.
360 3787 471 3866 Apoll.
489 3787 590 3867 Dysc,
614 3787 692 3871 περὶ
714 3785 867 3876 ἐπιρρημ.
891 3792 963 3854 608.
986 3807 1031 3870 17.
1066 3792 1132 3854 Alii
1154 3785 1332 3876 οὐρανόθεν
1354 3792 1421 3877 πρό

161 3893 354 3968 scribebant,
380 3913 461 3974 quos
479 3893 533 3971 qui
556 3891 679 3964 refellit,
705 3893 860 3958 Seleucus
882 3898 950 3977 ipse
973 3917 1043 3958 esse
1066 3899 1206 3960 videtur:
1233 3891 1315 3982 ὅπερ
1336 3899 1422 3976 τινὲς

159 3997 372 4081 μετέγραψαν
400 3993 436 4062 τὸ
460 3991 647 4080 οὐρανόθεν,
679 3998 733 4062 ἵνα
762 3996 856 4065 τὸέκ
885 3995 990 4066 τόπου
1022 4001 1170 4087 δηλωθῇ.
1210 3995 1294 4065 ἀλλὰ
1317 4001 1421 4067 πάλιν

160 4096 272 4166 ἐδόκει
302 4101 360 4167 καί
389 4097 427 4168 τὸ
460 4098 527 4188 πρὸ
560 4097 790 4168 ἀντικεῖσθαι·
826 4103 902 4171 ἐπεί
936 4103 997 4190 γὰρ
1031 4101 1068 4172 τό
1102 4101 1281 4190 οὐρανόθεν
1313 4105 1350 4172 τὸ
1385 4105 1422 4188 ἐξ

161 4199 301 4289 οὐρανοῦ
324 4206 485 4291 σημαίνει,
518 4202 555 4273 οὐ
578 4206 767 4274 συνίσταται
793 4207 888 4276 δὲτὸ
911 4208 977 4293 πρὸ
1001 4210 1038 4292 ἐξ
1061 4203 1206 4294 οὐρανοῦ,
1241 4212 1346 4297 σαφὲς
1369 4206 1419 4278 δτι

160 4311 426 4397 παραπεμπτέον
458 4312 517 4378 καὶ
548 4301 605 4399 τὴν
640 4310 697 4378 διά
729 4318 787 4380 τού
817 4319 878 4381 θεν
909 4316 1043 4405 γραφήν.
1086 4318 1247 4399 Deinceps
1281 4320 1420 4381 ostendit

159 4418 366 4498 ApolloniuS,
390 4421 556 4500 quomodo
578 4419 704 4482 defendi
728 4413 839 4502 posssset
861 4414 1039 4505 οὐρανόθεν
1066 4431 1099 4484 et
1122 4424 1190 4504 ipse
1213 4425 1416 4487 commendat
