3250 4980
702 369 893 432 ,7-

124 600 129 607 ,
166 519 299 606 ένειμεν,
333 517 405 587 ἀλλ’
436 515 510 602 οὐχί
539 522 684 604 Νέστορι
714 514 792 587 οῦδὲ
820 515 998 605 Μενελάῳ,
1033 503 1071 585 οῦ
1104 516 1138 584 έν
1166 521 1205 604 τῇ
1235 515 1425 606 γαμοποιίᾳ

164 624 210 715 μη
233 627 379 707 συνέντες
400 623 434 693 οὶ
456 625 537 711 περὶ
558 622 782 711 Ἀρίσταρχον,
806 620 857 692 ὅτι
880 627 1031 708 συνεχοῦς
1053 617 1150 712 οῦσης
1170 627 1228 712 τῆς
1250 618 1427 702 ἑστιάσεως

163 732 222 798 καί
244 735 308 797 τῶν
330 723 482 814 άκμαίων
504 723 632 816 ἡμερῶν
654 730 940 816 παρεληλυθυιῶν,
964 728 998 795 έν
1012 721 1068 810 αἷς
1090 728 1299 815 παρείληπτο
1320 727 1382 811 μὲν
1404 719 1425 815 ἦ

165 837 353 922 γαμουμένη
383 832 467 922 πρὸς
487 838 545 902 τοῦ
574 835 727 922 νυμφίου,
755 835 862 923 πέρας
891 829 922 901 d'
948 827 1034 918 εἶχεν
1056 828 1074 902 ὁ
1096 838 1155 901 τοῦ
1177 833 1426 920 Μεγαπένθους

165 937 279 1028 γάμος,
309 936 404 1008 αῦτοὶ
427 942 465 1007 δέ
485 937 678 1024 μονάζοντες
708 943 866 1031 διῃτῶντο
889 933 907 1007 ὅ
932 965 968 1008 τε
990 941 1163 1020 Μενέλαος
1185 939 1244 1004 καὶ
1266 932 1285 1023 ἡ
1304 931 1426 1024 Ἑλένη,

165 1042 212 1132 μὴ
234 1048 386 1129 συνέντες,
409 1037 477 1112 ἀλλ’
503 1044 771 1132 ἐξαπατηθέντες
787 1040 854 1112 ῦπὸ
875 1050 934 1112 τοῦ
956 1043 1089 1130 πρώτου
1111 1042 1226 1123 ἔπους·

353 1147 409 1217 τὸν
431 1143 461 1216 δ’
488 1136 582 1237 εὗρον
611 1145 764 1216 ὄαινῦνεα
794 1147 899 1236 γάμον
919 1151 1097 1216 πολλοῖσιν
1118 1147 1237 1235 έτησιν,

165 1260 400 1344 προςσυνῦγψαν
414 1256 583 1336 τοιούτους
603 1252 694 1334 τινὰς
708 1255 840 1338 στίχους
854 1257 889 1339 (d
909 1257 1044 1338 15—19)
1066 1250 1303 1340 μετενεγκόντες
1318 1251 1355 1319 ἐκ
1369 1256 1426 1338 τῆς

165 1355 371 1441 ὁπλοποιίας
386 1356 444 1427 σὺν
459 1354 548 1447 αὐτῷ
563 1384 598 1447 γε
611 1364 659 1446 τῷ
672 1360 751 1444 περὶ
765 1358 824 1448 την
838 1360 928 1442 λέξιν
942 1354 1160 1448 ἁμαρτήματι.
1178 1360 1300 1423 Versus
1313 1360 1424 1438 ‹515-

170 1486 208 1549 19
234 1469 329 1549 igitur
353 1469 499 1531 evincere
521 1469 629 1530 studet
651 1477 764 1531 auctor
786 1488 857 1531 esse
886 1468 1021 1548 spurios.
1067 1467 1179 1547 Atque
1202 1467 1306 1546 prima
1327 1485 1425 1527 causa

166 1573 299 1636 affertur
313 1573 418 1636 verbis
441 1569 487 1653 (oi
511 1571 590 1657 περὶ
603 1564 833 1657 Ἀρίσταρχον)
849 1623 858 1640 .
875 1621 882 1636 .
897 1567 943 1658 μὴ
960 1571 1105 1650 συνέντες
1127 1563 1178 1636 ὅτι
1199 1567 1265 1638 xvi.
1303 1569 1367 1632 Sed
1390 1579 1426 1632 ut

165 1678 282 1741 tradita
296 1688 370 1741 sunt
384 1678 492 1754 verba,
517 1677 632 1742 frustra
651 1678 934 1759 circumspicimus,
952 1679 1028 1759 quid
1045 1686 1158 1758 aptum
1174 1679 1215 1738 sit
1230 1675 1343 1739 exilio
1363 1668 1424 1741 ὅτι.

166 1781 273 1862 Quam
305 1792 340 1845 ut
370 1783 464 1845 tollat
493 1782 715 1845 difficultatem
738 1782 1062 1864 Schweighaeuserus
1093 1783 1207 1844 mirum
1237 1781 1269 1842 in
1291 1782 1425 1843 modurn

163 1887 224 1970 μέν
250 1898 327 1969 post
355 1885 574 1972 παρείληπτο,
605 1885 643 1952 δέ
668 1898 744 1970 post
773 1886 879 1973 πέρας
907 1888 1008 1950 voluit
1037 1887 1153 1950 delere.
1200 1886 1266 1950 Sed
1288 1893 1426 1968 apparet

165 1993 363 2056 necessarias
392 2013 463 2055 esse
493 1993 551 2054 has
574 1993 716 2074 voculas,
747 2003 878 2056 namet
906 1993 1006 2056 verba
1033 1990 1242 2078 παρείληπτο
1264 1983 1285 2079 ⁷‘1
1307 2013 1425 2075 γαμου-

163 2099 245 2182 μένη
266 2147 275 2166 .
298 2145 307 2162 .
330 2108 363 2160 et
385 2095 490 2180 πέρας
510 2088 595 2178 εἶχεν
617 2145 625 2161 .
650 2148 657 2163 .
681 2097 788 2160 referri
818 2099 939 2162 debent
968 2099 1010 2161 ad
1040 2098 1209 2161 relativum
1232 2094 1266 2161 έν
1288 2094 1351 2177 αίς,
1382 2097 1426 2158 ita

166 2214 203 2266 ut
224 2204 332 2284 priora
354 2203 535 2285 pertineant
556 2204 597 2286 ad
620 2203 714 2279 filiae,
738 2205 839 2268 altera
860 2207 902 2267 ad
922 2204 1150 2285 Megapenthis
1169 2202 1305 2283 nuptias.
1344 2201 1425 2262 Kai-

165 2309 270 2371 belius
292 2309 429 2371 coniecit
445 2307 592 2370 >fortasse
614 2303 665 2373 ὅτι
692 2330 763 2372 esse
785 2311 958 2373 delendum
981 2310 1038 2371 sed
1060 2319 1130 2371 tum
1158 2308 1297 2389 primum
1320 2325 1425 2385 neque

167 2423 217 2475 est
240 2415 329 2493 quod
351 2422 464 2494 aptum
487 2414 528 2474 sit
549 2433 570 2474 a
596 2407 643 2500 μὴ
665 2411 811 2493 συνέντες
840 2435 945 2495 neque
968 2414 1073 2486 video,
1105 2414 1181 2492 quid
1204 2411 1303 2473 velint
1324 2411 1424 2472 verba

164 2519 315 2599 συνεχοῦς
345 2508 443 2602 οῦσης
467 2559 505 2566 -
529 2517 587 2584 καί
609 2511 627 2584 r‘
649 2511 771 2604 Ἑλένη.
815 2520 940 2582 Deinde
970 2518 1194 2600 coniungenda
1223 2526 1298 2579 sunt
1325 2517 1424 2579 verba

164 2614 260 2688 αῦτοὶ
283 2620 321 2687 δὲ
341 2619 533 2704 μονάζοντες
554 2645 628 2687 cum
655 2626 761 2688 verbis
784 2623 927 2689 καὶτῶν
951 2617 1101 2706 άκμαίων
1130 2615 1259 2709 ἡμεροῦν
1281 2621 1425 2706 παρελη-

164 2728 322 2805 λυθυιιῦν,
345 2725 380 2791 έν
394 2721 449 2804 αλς
467 2778 473 2790 .
491 2755 518 2806 .,·
539 2749 644 2811 neque
666 2751 744 2792 vero
767 2732 827 2792 illis
849 2730 962 2793 diebus
978 2729 1145 2791 Menelaus
1167 2737 1201 2790 et
1216 2726 1342 2790 Helena
1363 2727 1424 2789 soli

164 2837 265 2898 vitam
281 2835 448 2915 degerunt.
481 2833 571 2914 Ergo
588 2845 697 2910 restat,
721 2845 757 2898 ut
778 2834 816 2900 δέ
832 2845 907 2916 post
930 2825 1024 2899 αῦτοί
1046 2834 1188 2914 positum
1203 2852 1423 2895 amoveamus.

164 2941 209 3003 Et
231 2961 342 3009 revera
357 2939 420 3001 hoc
435 2940 541 3014 estid,
564 2959 630 3019 quo
646 2942 788 3004 maxime
806 2940 992 3004 refelluntur
1010 2937 1207 3002 Aristarchei
1224 2937 1297 3000 illos
1312 2958 1424 3000 versus

164 3047 356 3120 inserentes,
388 3046 476 3126 quod
505 3045 566 3107 soli
595 3048 695 3109 vitam
721 3047 843 3126 degunt
866 3046 1033 3109 Menelaus
1062 3054 1095 3107 et
1118 3043 1251 3106 Helena.
1297 3043 1424 3105 Deinde

164 3150 250 3224 vide,
286 3170 385 3232 quam
419 3149 511 3212 facile
540 3161 617 3232 post
647 3152 785 3232 primum
815 3151 946 3237 (πέρας)
976 3149 1014 3216 δέ
1046 3151 1182 3213 alterum
1215 3145 1252 3212 δέ
1285 3149 1424 3229 irrepere

164 3257 314 3337 potuerit.
360 3255 408 3318 At
430 3256 507 3335 quid
537 3257 649 3318 volunt
671 3256 770 3318 verba
799 3257 952 3337 συνεχοῦς
973 3249 1071 3341 οῦσης
1091 3257 1148 3341 τῆς
1169 3247 1346 3332 ἑστιάσεως
1366 3253 1424 3320 καί

163 3363 229 3426 τῶν
256 3355 408 3442 ἀκμαίων
444 3352 574 3445 ἡμερῶν
610 3361 907 3447 παρεληλυθυιῶνλ
962 3359 1055 3441 Quae
1085 3371 1134 3422 est
1171 3360 1224 3421 illa
1254 3355 1423 3438 ἓστίασιςθ

165 3463 377 3528 Casaubonus
398 3467 523 3546 putavit
546 3465 715 3547 significari
736 3487 818 3540 eam,
848 3487 912 3546 qua
934 3466 1100 3528 Menelaus
1122 3466 1249 3546 nuptias
1271 3469 1423 3532 celebrat.

164 3569 230 3633 Sed
253 3571 342 3650 quod
364 3570 457 3632 claris
479 3571 584 3632 verbis
614 3572 728 3633 dicitur
749 3572 837 3634 solos
867 3571 963 3634 fuisse
986 3582 1144 3653 parentes,
1176 3581 1250 3634 ante
1273 3576 1424 3654 συνεχοῦς

164 3677 368 3738 inserendum
392 3696 463 3740 esse
478 3685 588 3738 censet
611 3666 730 3742 οῦκέτι.
769 3675 1094 3758 Schweighaeuserus
1113 3697 1178 3738 non
1200 3678 1319 3758 probat
1341 3678 1423 3740 hanc

164 3781 392 3857 coniecturam,
416 3783 473 3845 sed
496 3782 578 3845 hanc
593 3782 670 3844 dicit
692 3802 762 3844 esse
785 3781 945 3845 Athenaei
968 3783 1175 3844 sententiam:
1199 3781 1423 3844 Aristarchum

165 3907 230 3948 non
245 3887 507 3949 animadvertisse
528 3881 587 3975 τὴν
606 3880 762 3965 ἑστίασιν,
786 3907 903 3970 nempe
924 3891 989 3952 τῶν
1004 3885 1081 3972 περὶ
1101 3884 1302 3972 Τηλέμαχον,
1326 3885 1422 3949 fuisse

163 3990 280 4079 συνελῆ
301 3991 341 4077 τῇ
363 3989 563 4079 γαμοποιίᾳ,
593 3993 611 4055 i.
634 4014 661 4054 e.
685 3994 837 4055 continuo
860 4002 1004 4054 secutam
1027 4014 1098 4056 esse
1120 3994 1232 4074 epulas
1254 3991 1324 4054 illas
1347 4012 1424 4073 nup·

162 4096 265 4170 tialeS,
297 4117 380 4178 quae
403 4099 493 4180 ipsae
516 4100 579 4161 iam
602 4097 709 4161 finitae
732 4107 833 4161 erant.
879 4097 926 4161 At
948 4119 988 4160 ne
1010 4097 1090 4160 haec
1113 4100 1243 4178 quidem
1266 4097 1424 4161 sententia

162 4221 241 4263 vera
263 4223 334 4265 esse
352 4213 471 4284 potest.
516 4205 601 4266 Nam
624 4206 649 4265 si
673 4205 703 4266 id
734 4204 889 4266 voluisset
910 4205 1071 4268 Athenaei
1095 4215 1216 4281 auctor,
1248 4205 1347 4267 verba
1368 4198 1425 4269 τὸν

163 4297 195 4370 d’
221 4290 315 4391 εῦρον
337 4305 491 4374 δαινύντα
513 4310 738 4372 intellexisset:
767 4312 955 4372 invenerunt
978 4331 1061 4384 eum,
1086 4319 1260 4392 postquam
1282 4309 1423 4391 nuptiale
