3250 4980
742 347 952 424 „33-

216 515 387 578 lectionem
417 506 585 599 οόρανόφι.
629 515 833 578 Aristonicus
863 516 904 578 ad
933 515 1005 590 loc,
1035 516 1113 578 dum
1142 516 1321 579 Aristarchi
1351 518 1471 599 diplen,

216 621 270 700 qui
300 613 435 700 οάρανόν
465 618 506 681 ab
530 618 677 700 Olympo
708 620 886 700 distinguit,
918 621 1076 702 explicat:
1117 612 1276 707 οόρανόθι
1305 615 1388 705 πρό·
1422 615 1472 688 ότι

216 717 289 789 ἀντὶ
310 727 368 789 τοῦ
390 721 424 788 έν
443 726 489 810 τῷ
517 717 584 788 ὑπὸ
606 719 646 788 τὰ
669 722 751 812 νέφη
773 720 868 810 τόπῳ
889 721 955 790 κτέ.
997 725 1106 792 Schol.
1128 727 1171 792 A.
1209 727 1370 811 παρέλκει
1393 720 1472 814 όέή

215 822 291 915 πρό,
315 821 360 905 ὡς
382 822 577 915 ὀφθαλμοῖο
601 826 734 913 διαπρό.
773 828 882 894 Schol.
904 830 940 894 B.
958 831 997 896 T.

160 950 206 998 11,
302 941 332 998 Γ
359 948 406 1015 57.
459 933 616 1012 Σέλευκος
648 932 686 998 δὲ
722 925 814 1013 ἀξιοῖ
847 932 967 1014 στίζειν
996 937 1075 1018 (scil.
1107 932 1157 1013 είς
1183 930 1221 1001 τὸ
1255 933 1380 1018 ἕνεκα),
1415 936 1473 1001 -ἳνα

216 1039 347 1126 γένηται
376 1034 623 1121 θαυμαστικόν,
659 1030 761 1104 τόσσα
790 1035 935 1124 έοργαςι,
969 1033 1051 1106 καθ’
1084 1036 1181 1108 ἑαυτὸ
1211 1034 1390 1126 λεγόμενον.
1429 1043 1471 1110 Α.

216 1145 380 1208 Scholium
404 1154 453 1208 est
474 1145 650 1219 NicanoriS,
683 1145 736 1226 qui
763 1147 831 1226 ipse
861 1143 921 1210 έπί
943 1141 981 1212 τὸ
1012 1143 1104 1211 ἕνεκα
1126 1142 1231 1231 βραχὺ
1258 1146 1475 1212 διασταλτέον

216 1260 334 1313 censet.
359 1249 458 1314 Simil.
480 1250 580 1313 schol.
620 1248 728 1314 Schol.
752 1251 788 1312 B.
811 1251 850 1318 T.

160 1393 206 1444 12.
301 1379 334 1440 Δ
358 1392 427 1454 334·
580 1371 719 1440 ἕστασαν
741 1367 871 1442 ὁππότε
892 1373 1033 1461 πύργος·

217 1473 372 1566 (οάτωςή
395 1475 479 1544 κατὰ
496 1472 715 1564 ΙἈρίσταρχον
745 1475 823 1561 ἔχει.
860 1480 919 1546 καί
947 1476 986 1547 τὸ
1007 1475 1152 1560 Ἀχαιῶν
1180 1473 1313 1564 ἀμεινον
1342 1475 1476 1548 ἀκούειν

216 1577 271 1648 ἐπ’
291 1576 455 1666 Ἀχαιούς.
486 1578 635 1650 πιθανόν
665 1580 726 1669 γὰρ
756 1583 924 1666 έπιμένειν
945 1582 1021 1663 τοὺς
1040 1578 1208 1672 Ἕλληνας,
1239 1587 1300 1665 ἕως
1330 1578 1369 1651 ἀν
1391 1610 1474 1670 προ-

214 1688 468 1775 επιχειρήσωσιν
495 1684 608 1768 αὐτοῖς
635 1690 668 1755 oi
691 1685 855 1775 βάρβαροι
885 1690 943 1757 καί
965 1687 1089 1776 τρόπον
1118 1689 1191 1758 τινὰ
1215 1686 1362 1778 δεότερον
1390 1689 1473 1774 μετὰ

214 1789 391 1880 Πάνδαρον
419 1793 750 1880 παρασπονδήσωσι.)
786 1792 919 1862 διὸκαὶ
940 1796 1068 1882 μήποτε
1098 1785 1231 1880 ἀμεινον
1254 1797 1288 1864 έν
1308 1801 1349 1886 τῇ
1370 1799 1474 1864 πολυ-

215 1897 317 1984 στίχηι
339 1900 488 1985 φέρεται·

383 2021 523 2089 ἕστασαν
546 2017 677 2089 όππότε
693 2025 749 2090 κέν
770 2049 821 2103 τις
843 2022 987 2092 ἐναντίον
1009 2019 1109 2107 ἀλλος
1131 2024 1287 2094 έπελθυίν

387 2126 506 2215 Τρώων
528 2123 678 2216 ὁρμήσειε
700 2130 758 2194 καὶ
782 2121 909 2214 ἀρξειεν
931 2131 1105 2216 πολέμοιο.
1136 2134 1244 2202 Schol.
1267 2135 1309 2200 A.
1322 2135 1360 2201 T.

160 2278 206 2340 13.
301 2261 321 2319 1
337 2273 384 2335 33.
413 2255 572 2322 Σέλευκον
587 2255 698 2339 μέντοι
716 2255 820 2340 φασίν
836 2255 896 2323 έπί
916 2253 954 2324 τὸ
970 2251 1053 2339 ἀναξ
1068 2261 1281 2328 διαστέλλειν.
1304 2261 1412 2329 Schol.
1429 2261 1473 2325 A.

216 2363 373 2424 Nicanor:
398 2358 458 2426 έπί
482 2356 576 2426 δὲτὸ
599 2356 702 2450 ἀγορή
725 2362 881 2442 στικτέον,
906 2356 949 2442 ὡς
969 2361 1067 2448 νόμος
1090 2364 1178 2432 έστίν
1195 2364 1370 2451 ἐκκλησίας
1391 2363 1472 2448 μετὰ

217 2465 403 2551 παρρησίας
426 2464 541 2550 λέγειν.
1031 2553 1034 2560 Ι

159 2592 205 2651 14.
300 2573 339 2635 Λ
364 2573 438 2651 678.
481 2566 558 2637 οόόέ
579 2571 669 2658 πεζῷ
699 2571 736 2637 δέ
758 2567 844 2658 λόγῳ
870 2598 921 2652 τις
944 2567 997 2656 [ἀν
1018 2579 1091 2641 add.
1116 2577 1250 2662 Maasa]
1273 2567 1367 2642 εἶπεν
1390 2571 1474 2643 αότά

216 2665 333 2754 ἀλλως.
368 2676 476 2743 Schol.
493 2677 533 2742 T.

160 2821 206 2886 15.
301 2807 430 2884 11272.
472 2802 630 2882 Σέλευκος
652 2801 690 2868 δέ
713 2799 836 2868 ἀθετεῖ.
874 2805 981 2872 Schol.
1005 2806 1044 2872 T.

216 2909 361 2970 Discerni
383 2929 448 2970 non
470 2917 589 2990 potest,
624 2917 730 2972 utrum
753 2911 908 2973 deleverit
929 2932 1058 2974 versum
1079 2914 1370 2994 manuscriptorum
1393 2936 1473 2978 con-

215 3012 292 3074 fisus
315 3013 505 3087 auctoritati,
537 3035 586 3088 an,
618 3015 706 3096 quod
730 3007 912 3098 ἀγχέμαχοι
934 3011 1138 3101 θεράποντες
1161 3039 1225 3080 non
1246 3017 1375 3098 habeat,
1408 3040 1473 3100 quo

215 3117 377 3180 referatur.

159 3223 205 3284 16.
299 3225 427 3302 11807.
466 3222 576 3308 (δηλοῖ
603 3211 659 3288 οὖν
684 3223 832 3307 σχεόίων,
855 3217 899 3304 ὥς
927 3222 998 3290 »τὸν
1024 3225 1062 3292 δὲ
1084 3221 1199 3308 σχεδὸν
1221 3218 1297 3311 ἀορι
1318 3222 1472 3314 τόψαςε.)

215 3327 374 3404 Σέλευκος
397 3325 434 3392 δέ
456 3345 573 3412 φησιν·
598 3323 635 3393 ori
660 3321 826 3396 όόνασθαι
847 3323 1056 3414 »σχεόό[θε]ν
1077 3329 1206 3414 βάλενο.
1246 3331 1355 3400 Schol.
1371 3336 1414 3401 A.
1431 3335 1471 3400 T.

216 3432 264 3496 Cf.
288 3433 401 3497 LehrS.
424 3435 538 3497 Arist.³
561 3456 591 3516 p.
616 3436 667 3496 60.

159 3559 205 3623 17.
301 3543 330 3602 Σ
352 3540 423 3618 385.
470 3529 553 3623 ἀγαν
580 3541 616 3605 δέ
648 3531 666 3604 ό
695 3537 806 3620 στίχος
837 3535 1107 3624 συντετρόχασται
1140 3544 1180 3628 τῇ
1209 3541 1387 3629 προθυμίᾳ
1418 3545 1475 3628 τῆς

217 3641 412 3729 ἐρωτήσεως.
446 3643 556 3712 Schol.
580 3645 619 3708 T.

159 3759 206 3822 18,
301 3750 332 3814 Ω
360 3750 433 3830 476.
478 3745 508 3812 εί
542 3747 579 3814 δέ
615 3745 753 3828 είτελεῖς
786 3745 820 3816 oi
854 3749 980 3832 στίχοι,
1017 3749 1075 3815 καί
1110 3745 1225 3817 ἀλλοι·
1261 3751 1358 3819 τίπτε
1393 3753 1473 3820 Θέτι

214 3851 417 3938 τανύπεπλε,
448 3851 573 3932 ίκάνεις
600 3846 756 3941 ἡμέτερον
778 3855 826 3920 δῶ
849 3857 889 3938 (Σ
909 3859 992 3938 385).
1031 3849 1108 3921 οόόέ
1128 3879 1182 3920 κεν
1209 3855 1337 3944 ἀμβαίη
1358 3853 1476 3944 βρότος

215 3952 305 4047 ἀνήρ,
336 3955 373 4024 οά
395 3958 562 4046 καταβαίη
585 3962 618 4044 (μ
641 3963 704 4042 77).
738 3955 818 4046 ήόέ
839 3957 974 4046 τετάρτη
1003 3952 1091 4046 όόωρ
1113 3959 1225 4048 έφόρει
1249 3965 1281 4046 (κ
1305 3967 1390 4046 358).
1427 3967 1475 4050 τήν

215 4061 247 4128 δ’
269 4055 333 4148 ἀρα
355 4063 500 4150 πέμπτῳ
515 4058 626 4147 πέμπ’
644 4055 713 4130 ἀπὸ
736 4063 832 4150 νήσου
855 4069 882 4146 (ε
898 4067 982 4148 263).
1006 4067 1134 4146 ἵππους
1150 4067 1187 4133 δέ
1210 4065 1335 4149 ξανθὰς
1358 4065 1476 4134 ἑκατόν

216 4170 266 4248 (Λ
287 4170 374 4251 680).
409 4165 493 4235 ένθα
515 4168 576 4252 μέν
598 4161 636 4235 ori
662 4194 695 4234 τι
721 4173 809 4254 βοῶν
838 4172 869 4252 (κ
891 4173 957 4254 98).
996 4156 1086 4238 οὗτοι
1110 4169 1167 4258 γὰρ
1189 4169 1318 4258 πάντες,
1351 4167 1394 4253 ὥς
1414 4174 1475 4240 Σέ-

216 4273 338 4356 λευκος,
362 4271 520 4360 ἔμμετρον
542 4268 661 4339 λαλιὰν
683 4270 822 4355 ἔχουσιν.
859 4275 967 4343 Schol.
992 4279 1031 4344 T.
