3250 4980
714 296 920 356 ..24-

184 473 216 534 p.
242 454 304 532 258
322 455 384 535 sq.)
415 460 506 532 putat
535 454 566 512 in
587 451 748 512 Athenaei
778 450 905 512 decimo
936 449 1017 512 libro
1046 468 1118 511 esse
1147 449 1328 524 recondita,
1361 467 1444 530 quae

184 565 292 620 utrum
324 557 407 620 libro
440 554 519 640 περί
547 553 631 638 βίων
662 575 703 617 an
735 550 938 638 Συμμίκτοις
970 554 1160 616 vindicanda
1192 555 1270 629 sint,
1309 554 1443 618 dubitat.

184 662 316 724 Brunkii
338 663 423 724 enim
449 661 500 744 (cl.
523 661 616 723 huius
638 661 712 723 diss.
736 680 768 741 p.
791 661 847 740 43)
874 660 989 740 premit
1011 659 1146 741 vestigia
1175 669 1208 722 et
1230 661 1339 722 omnia
1362 679 1444 741 quae

185 791 216 848 p.
238 768 440 847 424—430d
462 767 619 850 dicuntur,
649 764 786 828 Seleuco
809 759 985 828 attribuere
1008 784 1129 846 pronus
1151 774 1217 840 est,
1252 766 1340 846 quod
1364 763 1443 828 Cha-

185 872 311 936 maeleo
340 873 449 954 ample
478 872 639 936 adhibitus
669 879 719 934 est
748 871 780 933 in
808 870 858 932 his
879 869 1039 951 partibus,
1072 870 1126 950 qui
1157 871 1243 933 idern
1265 891 1285 934 a
1307 868 1444 933 Seleuco

185 998 218 1059 p.
240 993 333 1056 430a
355 979 479 1041 citatur.
523 977 571 1040 At
593 977 679 1039 idern
700 984 813 1039 contra
834 975 920 1038 hunc
942 975 1113 1038 dicendum
1135 984 1193 1051 est,
1222 976 1311 1058 quod
1334 983 1445 1039 contra

185 1083 362 1146 Brunkium
384 1083 448 1146 iam
471 1082 606 1164 protuli,
637 1081 752 1144 Alcaei
774 1080 857 1143 illius
878 1080 941 1143 loci
963 1081 1189 1144 tractationem
1211 1084 1254 1163 (p.
1277 1082 1444 1163 43oa-d)

186 1188 315 1250 minime
338 1208 412 1250 cum
435 1190 490 1264 eis,
520 1208 604 1270 quae
625 1188 824 1270 praecedunt
845 1186 898 1249 vel
920 1194 1106 1266 sequuntur,
1135 1188 1339 1250 coniunctam
1364 1207 1443 1262 esse,

186 1294 244 1358 sed
272 1302 436 1378 sumptam
465 1313 546 1356 essev
567 1313 610 1355 ex
640 1292 854 1373 grammatico
884 1292 1026 1372 quodam
1057 1289 1184 1354 Seleuci
1214 1290 1306 1357 libro.
1351 1293 1445 1355 Errat

185 1398 282 1476 igitur
296 1399 450 1480 Bappius,
474 1398 564 1480 quod
579 1397 717 1478 amplius
740 1397 771 1458 in
791 1395 846 1458 illo
862 1395 944 1458 libro
967 1394 1124 1480 περὶτῶν
1138 1387 1285 1480 άρχαίων
1299 1390 1445 1482 κράσεων

185 1504 289 1584 egisse
319 1501 491 1566 Seleucum
519 1503 694 1567 contendit.
738 1500 793 1563 An
826 1502 988 1583 putandus
1022 1509 1072 1564 est
1105 1512 1214 1565 noster
1247 1513 1315 1566 tam
1348 1504 1445 1566 docte

185 1608 384 1690 interpretari
418 1629 493 1671 eum
529 1628 658 1671 versum
693 1607 824 1681 Alcaei,
862 1616 897 1668 ut
934 1607 1127 1671 mixtionum
1163 1608 1349 1690 catalogum
1382 1628 1446 1672 uno

185 1724 304 1795 augeat
327 1713 500 1796 exemplo?
538 1697 587 1776 At
616 1712 717 1776 altera
746 1713 943 1774 removenda
963 1720 1013 1774 est
1035 1712 1150 1795 Bappii
1179 1733 1285 1776 causa.
1330 1713 1447 1776 Nititur

186 1820 271 1881 enim
293 1819 455 1882 Athenaei
477 1818 532 1880 illo
556 1818 631 1881 loco
654 1817 684 1879 ΙΙ
711 1837 742 1898 p.
766 1831 852 1893 40c:
890 1815 1048 1896 Σέλευκος
1070 1815 1107 1882 δὲ
1133 1839 1217 1904 φησι
1238 1813 1276 1885 τὸ
1299 1813 1447 1883 παλαιὸν

155 1937 157 1942 “
186 1917 246 1988 οόκ
278 1915 363 1988 εἶναι
402 1920 483 2003 ἔθος
516 1916 583 1988 οὔτ’
620 1915 708 1988 οἶνον
742 1918 803 1986 ἐπί
838 1921 956 1986 πλεῖον
991 1913 1060 1987 oiic'
1098 1914 1199 2010 άλλην
1235 1917 1448 2009 ἡδυπάθειαν

185 2027 436 2117 προςφέρεσθαι
479 2028 523 2113 μὴ
572 2029 661 2092 θεῶν
711 2024 805 2091 ἕνεκα
847 2029 942 2092 τοῦτο
986 2028 1139 2111 δρῶντας.
1199 2029 1324 2110 Quibus
1370 2049 1446 2092 cum

186 2134 293 2196 verbis
330 2134 494 2214 coniungit
528 2133 548 2195 l.
579 2133 611 2194 V
640 2153 672 2214 p.
699 2133 804 2213 192b:
850 2134 945 2197 πᾶσα
981 2132 1019 2197 δὲ
1054 2133 1242 2216 συμποσίου
1280 2134 1448 2218 συναγωγὴ

186 2235 280 2323 παρὰ
313 2241 384 2317 τοῖς
415 2231 568 2323 άρχαίοις
601 2237 658 2323 τὴν
687 2235 798 2320 αἰτίου
835 2232 883 2314 είς
910 2233 991 2302 θεὸν
1021 2229 1157 2324 άνίφερε
1186 2240 1244 2306 καὶ
1273 2238 1448 2326 στεφάνοις

186 2339 324 2426 ἐχρῶντο
362 2346 433 2421 τοῖς
470 2339 607 2422 οἰκείοις
648 2346 713 2407 τῶν
749 2330 839 2406 θεῶν
877 2341 935 2406 καί
973 2335 1089 2422 όμνοις
1126 2344 1184 2410 καί
1226 2337 1346 2432 ᾠδαῖς·
1388 2343 1446 2408 καί

187 2448 301 2526 δοῦλος
337 2443 445 2526 οὐδεὶς
481 2435 519 2534 ἧν
554 2441 571 2513 ό
608 2441 827 2533 διακονήσων,
872 2438 946 2511 ἀλλ’
984 2444 1016 2512 οὶ
1054 2447 1123 2514 νέοι
1161 2453 1226 2515 τῶν
1262 2449 1445 2535 ἐλευθέρων

189 2546 349 2640 ᾠνοχόουν
379 2545 422 2632 ὡς
451 2547 468 2618 ό
498 2557 556 2618 τοῦ
586 2551 757 2618 Μενελάου
789 2547 861 2630 υίὸς
888 2550 1000 2617 καίτοι
1031 2553 1171 2641 νυμφίος
1197 2547 1355 2641 ὑπάρχων
1388 2555 1447 2622 καί

187 2655 223 2723 ἐν
253 2650 364 2737 αόιοῖς
394 2661 467 2736 τοῖς
495 2653 623 2741 γάμοις.
661 2653 755 2742 παρὰ
783 2655 821 2723 δὲ
850 2659 890 2745 τῇ
918 2657 1005 2744 καλῇ
1033 2663 1175 2746 «Σαπφοῖ
1191 2659 1262 2750 ,καί
1292 2653 1448 2748 όἙρμῆς

187 2759 331 2844 οίνοχοεῖ
365 2757 437 2841 τοῖς
458 2768 554 2843 θεοῖς
582 2763 641 2829 καὶ
670 2755 775 2828 υόίλλα
803 2762 840 2826 δὲ
869 2757 980 2828 πάντα
1009 2758 1253 2849 παρεσκεύαζον
1279 2769 1350 2845 τοῖς
1379 2767 1447 2831 δει-

187 2872 326 2934 πνοῦσιν
358 2865 538 2951 ἐλεύθεροι.
583 2869 641 2931 Ηίε
671 2870 883 2932 demonstrari
912 2879 1006 2950 putat
1033 2873 1132 2932 etiam
1162 2871 1181 2934 l.
1206 2872 1237 2932 X
1259 2892 1290 2953 p.
1314 2888 1404 2950 424e
1428 2893 1447 2934 a

186 2972 322 3036 Seleuco
346 2975 503 3055 originem
525 2976 658 3037 ducere:
694 2969 860 3060 ᾠνοχόουν.
876 2997 911 3039 τε
938 2969 1031 3056 παρὰ
1053 2978 1125 3053 τοῖς
1154 2970 1306 3059 ἀρχαίοις
1336 2973 1368 3041 οὶ
1399 2968 1447 3042 εό-

187 3077 373 3163 χενέσυατοι
395 3080 515 3158 παῖδες
538 3075 581 3160 ὠς
603 3071 700 3146 όυοό
714 3073 889 3145 Μενελάου
911 3073 999 3157 υίός·
1027 3075 1177 3166 »ᾠνοχόει
1200 3074 1231 3146 d'
1257 3077 1329 3160 υίὸς
1342 3085 1448 3147 Μενε-

187 3178 269 3249 λάου
298 3183 512 3266 κυδαλίμοισι
540 3234 547 3248 .
571 3235 579 3250 .
624 3179 781 3263 Ἀλκαῖος
809 3184 848 3249 δὲ
876 3183 933 3249 καί
962 3179 1016 3250 τὸν
1044 3177 1161 3272 Ἑρμῆν
1190 3183 1238 3265 είς
1252 3182 1312 3271 ’χει
1342 3179 1449 3252 αὐτῶν

188 3291 245 3372 (sc.
276 3291 378 3372 θεῶν)
408 3286 564 3370 οἰνοχόον,
603 3283 647 3368 ὡς
683 3288 741 3354 καὶ
774 3285 908 3376 Σαπφὼ
945 3288 1097 3373 λέγουσα
1113 3287 1178 3359 κτὲ.
1233 3291 1386 3356 Concedo
1415 3293 1447 3354 id

187 3394 277 3476 quod
299 3396 331 3456 in
354 3396 466 3474 quinto
489 3397 571 3459 libro
600 3398 640 3459 de
664 3397 825 3458 Mercurio
855 3397 942 3477 apud
965 3395 1101 3478 Sappho
1133 3398 1292 3460 oenochoi
1315 3419 1446 3461 munere

186 3499 297 3562 functo
327 3500 449 3576 dicitur,
485 3503 590 3566 eidem
620 3501 738 3576 deberi,
774 3503 824 3563 cui
854 3522 892 3564 ea
920 3520 1004 3580 quae
1033 3502 1065 3564 X
1087 3522 1121 3583 p.
1142 3518 1233 3580 424e
1262 3512 1376 3566 extant
1406 3505 1448 3566 de

187 3606 301 3668 eadem
325 3627 368 3668 re.
410 3606 536 3669 Tamen
565 3617 601 3670 ut
631 3607 835 3668 crederemus
868 3606 953 3669 hunc
983 3627 1055 3670 esse
1078 3606 1250 3670 Seleucum
1279 3617 1312 3671 et
1334 3609 1447 3689 prima,

187 3730 271 3792 quae
300 3732 343 3773 ex
366 3713 479 3791 quinto
508 3711 590 3775 libro
620 3712 784 3793 exscripsi,
814 3713 914 3775 verba
948 3722 1035 3776 certe
1058 3711 1185 3777 Seleuci
1216 3734 1288 3777 esse
1317 3715 1447 3777 demon·

186 3818 353 3880 strandum
376 3826 462 3880 esset
482 3825 516 3878 et
537 3817 579 3880 ab
598 3816 647 3880 his
670 3819 781 3899 primis
795 3817 902 3880 verbis
924 3819 1099 3900 genuinum
1120 3827 1312 3882 contextum
1336 3827 1449 3882 extare

187 3943 288 4004 usque
318 3924 359 3985 ad
389 3943 443 3998 ea,
478 3942 562 4004 quae
591 3923 632 3984 de
660 3923 821 3985 Mercurio
855 3923 1012 3986 dicuntur.
1057 3924 1170 4006 Atque
1203 3923 1280 3986 illud
1309 3925 1449 4006 primum

186 4028 471 4108 Peripateticorum
501 4027 591 4090 locus
620 4029 800 4090 communis
822 4028 948 4091 videtur
976 4027 1072 4092 fuisse
1102 4051 1207 4113 neque
1238 4050 1370 4092 necesse
1399 4037 1450 4092 est

186 4133 249 4195 hoc
272 4132 346 4196 loco
369 4132 540 4195 Seleucum
563 4153 634 4196 esse
657 4142 852 4215 usurpatum,
883 4153 1081 4215 quamquam
1104 4136 1156 4198 ille
1178 4137 1209 4198 ΙΙ
1231 4158 1261 4216 p.
1284 4150 1355 4212 40c
1376 4154 1448 4197 ean-

186 4237 262 4299 dem
291 4237 413 4318 profert
440 4239 640 4302 sententiam.
686 4238 752 4303 Sed
780 4248 815 4302 ut
844 4241 885 4302 sit
914 4238 1056 4316 Seleuci,
1093 4262 1157 4304 non
1186 4240 1342 4324 probatur
1371 4239 1450 4303 illud
