3250 4980
669 405 882 467 „31-

141 553 322 619 Crotonem
357 558 519 638 quendam
550 555 599 637 (fr.
630 558 694 637 74).
747 556 784 619 In
818 557 1035 639 disputatione
1070 559 1112 624 de
1149 579 1200 621 vv.
1233 557 1254 622 δ
1279 573 1404 638 15-19

142 660 379 724 Aristoxenum
407 663 498 744 sequi
520 662 655 738 videtur,
687 683 760 724 cum
783 663 875 726 dicit:
909 666 981 741 τοῖς
1006 659 1067 743 μὲν
1087 649 1144 728 οὖν
1169 661 1297 750 Κρησὶν
1326 655 1403 749 ἥτε

139 755 278 851 δ’ρχησις
311 759 491 849 ἐπιχώριος
523 763 582 830 καὶ
610 761 648 832 τὸ
678 769 843 852 κυβιστᾶν.
896 767 945 832 Cf.
976 767 1096 831 Athen.
1127 768 1208 830 XIV
1238 790 1269 850 p.
1291 769 1401 848 630b:

139 862 242 934 άλλοι
272 870 309 936 δὲ
331 875 446 959 Κρῆτα
476 870 608 956 λέγουσι
636 867 787 956 τὸγένος
818 864 904 938 εἶναι
935 870 1092 949 Σίκιννον,
1125 865 1283 960 ὀρχησταὶ
1312 865 1344 937 δ’
1370 868 1402 937 oi

141 978 280 1063 Κρῆτας,
304 969 348 1054 ὥς
371 998 473 1063 φησιν
489 969 721 1062 Ἀριστόξενος.
755 979 880 1058 Pugnat
901 987 1014 1040 contra
1028 978 1196 1041 Platonem
1219 981 1260 1042 ad
1283 983 1314 1042 Β
1328 995 1403 1059 409,

110 1127 114 1134 .
142 1081 327 1145 Diodorum
349 1083 626 1165 Aristophaneum
651 1083 683 1166 (δ
701 1087 847 1165 15—19),
871 1082 1158 1146 Chamaeleontem
1181 1083 1230 1165 (fr.
1255 1085 1317 1166 79).

232 1187 285 1249 Ex
301 1189 463 1251 cotidiano
479 1187 615 1252 fortasse
630 1209 780 1252 sermone
794 1190 901 1251 hausit
916 1189 1087 1270 proverbia
1099 1189 1402 1253 Alexandrinorum.

233 1290 404 1374 Copiosius
427 1295 588 1375 agendum
612 1303 661 1358 est
683 1296 725 1357 de
747 1315 785 1358 ea
808 1295 1007 1376 quaestione,
1031 1313 1115 1374 quae
1137 1295 1332 1358 instituenda
1353 1303 1404 1357 est

139 1397 188 1459 de
211 1398 368 1473 omnibus,
393 1400 447 1481 qui
469 1408 545 1481 post
559 1399 783 1464 Aristarchum
804 1399 940 1474 fuerunt,
965 1401 1192 1481 grammaticis,
1216 1421 1299 1481 quae
1322 1401 1404 1463 ratio

142 1502 323 1566 intercedat
351 1505 433 1567 inter
455 1525 512 1567 eos
535 1513 568 1567 et
589 1505 824 1568 Aristarchum.
870 1505 983 1569 Solent
1005 1508 1090 1569 enim
1120 1527 1191 1569 esse
1220 1515 1276 1568 aut
1297 1506 1404 1567 credu-

143 1607 257 1670 lissimi
279 1609 347 1670 eius
369 1619 545 1673 sectatores
567 1619 624 1673 aut
644 1612 816 1674 adversarii
838 1612 1000 1690 acerrimi;
1023 1613 1118 1694 pauci
1140 1611 1314 1674 diiudicant
1336 1611 1405 1672 sine

140 1713 191 1774 ira
214 1722 247 1775 et
268 1715 374 1776 studio
404 1715 572 1778 ambarum
598 1717 737 1797 partium
767 1717 918 1784 rationes.
961 1718 1070 1780 Etiam
1092 1716 1248 1780 Seleucus
1271 1715 1405 1798 quibus-

139 1819 223 1880 dam
248 1819 327 1882 locis
350 1821 417 1882 sine
440 1820 538 1883 dubio
561 1821 740 1884 Aristarchi
762 1824 880 1903 premit
901 1823 1045 1904 vestigia.
1086 1822 1172 1885 Vide
1194 1823 1280 1885 enim
1303 1819 1403 1883 schol.

143 1927 187 1987 Π
206 1925 282 2003 807:
314 1919 412 2007 ὤμων
432 1915 594 2010 μεσσηγδς
621 1921 781 2008 σχεδόθεν
801 1923 883 2008 βάλι
904 1921 1078 2013 Δάρδανος
1106 1921 1202 2013 άνιζρ·
1233 1926 1329 2014 δηλοῖ
1350 1911 1406 1990 οὖν

138 2027 294 2108 σχεδίαν,
310 2023 354 2109 ὡς
369 2054 440 2096 »ιον
455 2031 493 2096 δὲ
504 2027 619 2113 σχεδὸν
635 2023 710 2115 άορι
725 2028 863 2116 sithoc«.
886 2033 1043 2112 Σέλευκος
1058 2031 1095 2097 δέ
1110 2051 1222 2120 φησιν·
1238 2023 1275 2097 οὗ
1292 2025 1404 2096 δύνασ-

143 2136 210 2196 θαι
227 2130 342 2214 σχεδὸν
355 2133 465 2220 βάλεν.
497 2137 581 2200 Sane
604 2140 635 2200 in
649 2147 758 2202 mente
773 2137 886 2202 habuit
899 2138 1077 2202 Aristarchi
1094 2137 1404 2202 animadversionem

139 2240 188 2301 de
211 2241 412 2305 distinctione
427 2243 600 2306 verborum
622 2237 757 2325 βάλλειν
772 2253 805 2306 et
818 2237 961 2327 τύπτειν,
985 2264 1068 2325 quae
1084 2253 1119 2306 ut
1138 2262 1237 2306 unum
1259 2240 1402 2316 afferam,

145 2345 181 2407 in
203 2345 266 2408 hoc
296 2356 386 2427 patet
415 2348 548 2411 scholio.
588 2353 616 2411 Y
636 2351 714 2428 378:
752 2342 873 2436 μήπως
901 2340 933 2412 o’
956 2347 992 2434 ὴὲ
1020 2342 1106 2436 βάλῃ
1135 2347 1171 2435 ὴὲ
1193 2341 1309 2428 σχεδὸν
1330 2337 1405 2428 άορι

143 2444 254 2535 τύψῃ·
289 2443 339 2516 ὅτι
370 2451 544 2518 διέσταλκε
563 2451 601 2520 τὸ
622 2455 736 2538 βαλεῖν
757 2451 816 2518 καὶ
844 2449 881 2519 τὸ
907 2447 1012 2536 τύψαι
1037 2454 1283 2531 διδασκαλικῶς
1306 2468 1405 2534 προς·

144 2554 224 2632 θεὶς
239 2552 364 2638 σχεδόν,
388 2548 460 2624 οἷον
475 2557 601 2643 σχέδην,
626 2555 663 2624 εἰι
678 2563 735 2624 τοῦ
750 2555 908 2643 σύνεγγυς.
939 2559 1092 2622 Seleucus
1109 2561 1150 2622 de
1166 2561 1237 2622 telis
1254 2557 1404 2620 iaciendis

139 2655 262 2740 σχεδόν
284 2665 346 2724 dici
369 2684 466 2745 posse
489 2674 595 2746 negat,
620 2666 708 2746 quod
723 2666 764 2728 de
785 2667 830 2727 eis
845 2666 970 2728 dicatur
991 2666 1097 2740 armis,
1120 2665 1236 2745 quibus
1259 2662 1405 2726 cominus

141 2777 317 2846 pugnetur.
363 2769 524 2833 Videlicet
549 2791 661 2834 veram
691 2770 869 2833 Aristarchi
899 2770 1210 2832 animadversionem
1241 2768 1323 2831 falso
1353 2766 1405 2828 ad-

144 2871 250 2934 hibuit
270 2872 433 2949 Seleucus,
458 2895 533 2940 nam
549 2877 646 2938 etiam
669 2871 828 2956 σχεδόθεν
850 2875 915 2938 tela
930 2885 1068 2958 possunt
1090 2876 1158 2939 iaci.
1193 2874 1319 2938 Deinde
1341 2873 1404 2934 iarn

144 2997 246 3059 supra
267 2979 407 3042 diximus
422 2979 592 3044 Seleucum
608 2981 786 3044 Aristarchi
808 2990 955 3044 secutum
978 2982 1288 3045 animadversionem
1309 2998 1405 3058 quan·

141 3083 224 3144 dam
246 3083 455 3148 Homericam
484 3086 515 3148 in
540 3087 674 3149 Hesiodi
705 3085 793 3149 Scuti
822 3107 852 3149 v.
875 3101 937 3167 415
968 3089 1147 3168 scripsisse:
1181 3075 1253 3151 οὐδ’
1278 3079 1407 3168 ἔρρηξεν

145 3179 273 3267 χαλκός
294 3209 356 3270 pro
378 3183 448 3254 αδδ
471 3186 497 3256 ἒ.
516 3184 648 3272 χαλκόν.
681 3192 872 3272 Respondet
893 3191 967 3256 huic
981 3191 1160 3256 Aristarchi
1184 3190 1294 3264 savori,
1318 3186 1407 3270 quod

144 3292 275 3356 duobus
305 3294 385 3358 locis
416 3305 540 3377 pugnat
569 3306 681 3359 contra
709 3295 873 3360 Cratetem
905 3297 953 3380 (fr.
977 3300 1020 3380 69
1049 3308 1082 3362 et
1104 3298 1168 3380 76).
1212 3296 1303 3357 Haec
1332 3311 1405 3354 cum

144 3398 335 3478 respiceret,
367 3399 564 3465 Schmidtius
586 3400 758 3466 Seleucum
784 3403 988 3468 »Nachbeter
1008 3405 1066 3467 der
1085 3400 1275 3466 Arri-tarel«
1302 3398 1407 3461 nomi-

145 3503 253 3578 navit,
285 3508 373 3587 quod
403 3509 599 3588 posteriores
625 3507 691 3570 fere
713 3528 827 3571 omnes
855 3517 1063 3590 exceperunt.
1108 3508 1151 3570 Et
1179 3506 1407 3570 assentiremur

140 3608 188 3682 ei,
212 3609 270 3672 nisi
292 3611 344 3673 alii
358 3621 506 3675 extarent
529 3611 600 3687 loci,
625 3614 680 3694 qui
696 3615 890 3676 contrarium
905 3615 1035 3678 docent.
1064 3613 1149 3675 Vide
1166 3613 1251 3675 enirn
1267 3612 1404 3693 primurn

146 3711 186 3776 fr.
213 3731 240 3793 3.
278 3715 488 3780 Aristarchus
513 3717 676 3780 scribebat
698 3717 801 3802 σφωέ,
824 3719 1011 3782 Zenodotus
1031 3719 1116 3781 idem
1139 3719 1228 3797 quod
1243 3716 1406 3780 Seleucus

145 3817 216 3882 Sed
238 3822 417 3902 gravissimi
440 3832 553 3885 contra
574 3822 801 3886 Aristarcheos
830 3825 970 3906 impetus
1000 3824 1108 3886 insunt
1136 3823 1168 3884 in
1196 3824 1242 3886 eis
1264 3821 1408 3904 partibus

144 3925 253 4004 quinti
282 3926 352 3989 libri
376 3927 554 4004 Athenaei,
586 3947 667 4008 quas
690 3926 827 3992 Seleuco
856 3929 1067 3992 attribuimus.
1110 3927 1279 3991 Acerrima
1300 3935 1350 3989 est
1371 3947 1410 3988 ea

144 4030 335 4112 disputatio,
367 4035 398 4100 in
421 4053 485 4115 qua
507 4022 612 4116 arguit
634 4034 858 4097 Aristarchum
886 4054 951 4097 non
974 4034 1079 4098 solum
1101 4056 1152 4098 vv.
1177 4033 1409 4114 615—19in·

147 4138 287 4200 seruisse
309 4141 367 4202 sed
389 4139 487 4203 etiam
509 4143 539 4203 Σ
550 4140 615 4218 604
636 4141 704 4203 sine
719 4161 816 4204 causa
835 4140 1001 4204 delevisse.
1036 4141 1148 4222 Atque
1165 4137 1282 4202 dehac
1298 4139 1409 4220 dispu-

147 4243 272 4304 tatione
292 4243 512 4308 Kirchhoffius
536 4245 647 4323 (Hom.
670 4244 747 4308 Od.²
769 4267 800 4327 p.
821 4247 892 4328 186)
915 4247 1122 4326 »zweifellon
1145 4246 1197 4319 ait,
1222 4246 1268 4308 ist
1286 4266 1321 4308 es
1339 4246 1410 4308 eine
1514 4250 1516 4256 ’

146 4346 364 4425 ι’ννιάνιιίιιλι,
381 4352 757 4434 aufMfivnstdndm's,
772 4373 866 4416 wenn
881 4352 972 4415 nicht
984 4352 1089 4415 basem
1100 4351 1213 4414 Wllen
1229 4350 1410 4414 bernhende
