3250 4980
740 377 933 438 -4,

204 529 323 616 βιβλία
344 524 381 614 ρ’,
412 529 471 594 καὶ
495 520 581 594 ἄλλα
604 525 780 612 σύμμικια.
823 531 927 594 Audit
949 530 1045 611 igitur
1058 522 1298 614 Ἀλεξανδρεύς,
1327 549 1393 610 quo
1415 529 1469 591 de-

209 644 406 701 monstratur
438 634 694 699 Alexandrinam
727 635 890 700 civitatem
923 655 998 698 eum
1028 634 1192 707 habuisse,
1228 654 1311 715 quae
1344 634 1468 696 nonnisi

209 741 341 808 Graecis
372 739 500 804 solebat
532 741 609 804 dari.
661 740 697 803 In
730 742 810 804 urbe
844 741 914 822 ipsa
944 741 1042 803 etiam
1074 739 1193 802 vixisse
1227 756 1302 801 eum
1334 747 1469 820 propter

208 848 314 912 studia
335 847 402 909 eius
417 846 666 921 verisimile-est,
690 866 795 926 neque
814 856 924 909 tamen
945 866 988 908 ex
1004 853 1224 926 cognomento
1236 835 1471 928 Ἀλεξανδρεύς

208 961 318 1036 potest
339 951 532 1033 concludit).
565 951 682 1016 Postea
704 950 847 1015 Romam
869 951 1038 1032 emigravit
1060 959 1096 1012 ut
1118 949 1210 1014 multi
1232 949 1294 1014 illis
1316 951 1467 1030 tempori·

206 1059 269 1123 bus
292 1056 421 1120 litterati
443 1057 600 1120 homines.
639 1055 707 1119 Ubi
729 1055 887 1121 Suetonio
916 1065 999 1120 teste
1026 1056 1058 1118 in
1081 1054 1201 1117 Tiberii
1230 1055 1304 1118 aula
1333 1053 1468 1136 pauperi

206 1164 347 1228 libertati
368 1162 520 1245 praetulit
542 1161 745 1243 splendidam
767 1163 963 1235 servitutem,
987 1161 1076 1224 cuius
1098 1181 1163 1223 non
1179 1159 1293 1242 effugit
1314 1158 1468 1242 pericula,

208 1291 283 1334 nam
315 1269 462 1351 primum,
487 1275 631 1330 remotus
664 1287 684 1330 a
717 1265 865 1330 Caesada
898 1285 1013 1330 mensa
1046 1275 1162 1348 postea
1196 1267 1294 1329 etiam
1327 1273 1468 1328 mortem

207 1396 323 1458 passus
346 1383 406 1452 est,
429 1373 518 1455 quod
541 1371 633 1454 nugis
655 1371 776 1435 domini
798 1371 982 1436 satisfacere
1005 1392 1069 1433 non
1092 1371 1207 1453 potuit.

292 1478 460 1544 Difficilius
482 1485 532 1540 est
547 1478 736 1555 discernere,
760 1499 844 1561 quae
856 1477 976 1560 scripta
998 1476 1027 1538 ei
1042 1476 1247 1540 attribuenda
1268 1477 1340 1539 sint.
1381 1475 1466 1538 Nam

207 1584 312 1648 elucet
334 1603 398 1646 non
421 1582 542 1646 maiore
562 1582 627 1646 fide
648 1584 782 1664 dignum
805 1605 876 1648 esse
898 1583 1032 1646 Suidam
1054 1581 1086 1644 in
1108 1581 1162 1656 eis,
1187 1601 1270 1664 quae
1291 1581 1331 1646 de
1355 1580 1465 1644 Seleu-

206 1708 320 1753 corum
342 1688 469 1770 scriptis
490 1689 575 1765 dicit,
599 1709 698 1770 quam
717 1687 787 1752 -fere
809 1690 841 1751 in
862 1688 980 1752 talibus
1002 1688 1031 1750 ei
1052 1686 1220 1752 habemus.
1265 1688 1358 1750 Duos
1381 1687 1467 1749 enim

206 1802 334 1878 praeter
362 1793 457 1868 hunc,
485 1794 615 1876 dequo
644 1794 770 1875 agimus
799 1795 944 1858 nominat
966 1793 1082 1856 Suidas
1105 1791 1273 1857 Seleucos:
1310 1791 1469 1870 Σέλευκος

200 1891 381 1984 Ἔμισηνός,
405 1892 638 1984 γραμματικός.
670 1891 933 1965 Ἀσπαλιεατικα
955 1891 995 1963 δι’
1015 1895 1107 1963 ἐπῶν
1127 1897 1246 1982 βιβλία
1261 1893 1299 1964 δ’.
1323 1894 1370 1977 εἰς
1392 1887 1468 1975 τούς

206 1999 357 2089 λαρινοὺς
385 1994 573 2090 ὑπόμνημα.
618 2001 780 2089 Παρθικὰ
808 2000 878 2072 δύο.
922 2003 979 2069 καὶ
1009 1994 1110 2070 ἄλλον
1139 2002 1177 2069 δέ
1206 2028 1279 2070 τινα
1306 2001 1467 2068 Σέλευκον

205 2095 297 2194 εὗρον
319 2104 554 2193 ἑμπαράθιιον
577 2107 753 2196 (ἑνπαραθ’
774 2115 822 2178 A.
847 2109 881 2175 iv
909 2107 1079 2193 ἐμιιαραθτ
1107 2109 1173 2193 V.)·
1203 2106 1321 2192 βιβλία
1345 2107 1382 2172 δὲ
1405 2099 1465 2173 οὐκ

205 2208 321 2298 rixavi)
330 2217 365 2295 ³).
405 2213 489 2278 Cum
517 2215 694 2280 Homerico
724 2215 862 2280 Seleuco
891 2236 970 2280 sane
991 2215 1162 2278 Emisenus
1192 2214 1267 2276 nihil
1290 2233 1464 2277 commune

207 2320 315 2394 habet,
346 2321 494 2402 quamvis
516 2320 697 2384 Halieutica
724 2331 757 2386 et
779 2321 934 2394 Parthica,
966 2342 1049 2403 quae
1070 2321 1114 2384 illi
1143 2322 1231 2403 apud
1255 2319 1389 2382 Suidam
1412 2319 1465 2382 ad-

206 2426 397 2501 scribuntur,
419 2424 539 2489 Tiberii
561 2427 658 2489 aetati
674 2436 751 2509 apta
766 2448 837 2490 esse
853 2428 1021 2489 videantur
1037 2425 1226 2489 Schmidtio.
1261 2423 1327 2489 Sed
1349 2424 1465 2486 mirum

206 2542 291 2596 esset
313 2533 374 2594 hac
402 2530 533 2614 quidem
555 2539 671 2607 aetate,
699 2532 725 2594 si
748 2532 844 2608 idem,
873 2533 927 2614 qui
949 2532 1054 2614 pisces
1081 2541 1114 2594 et
1135 2530 1282 2594 Parthica
1304 2527 1390 2593 bella
1412 2528 1466 2590 de-

205 2637 330 2710 scribit,
367 2637 467 2700 etiam
503 2635 621 2717 lyricos
656 2646 770 2719 poetas
807 2637 1005 2719 philologica
1038 2637 1161 2700 ratione
1193 2637 1463 2717 interpretaretur.

205 2742 353 2820 Accedit,
383 2741 471 2825 quod
493 2741 751 2806 Alexandrinum
773 2741 946 2805 Seleucum
968 2751 1003 2804 ut
1025 2742 1175 2804 omnibus
1204 2740 1270 2804 sere
1291 2739 1397 2822 poetis
1419 2740 1466 2802 ita

207 2847 315 2928 lyricis
337 2865 468 2928 quoque
492 2868 626 2929 operam
652 2867 787 2911 navasse
809 2857 933 2910 certum
956 2855 1014 2922 est,
1045 2848 1086 2910 de
1109 2867 1173 2930 qua
1196 2867 1230 2910 re
1252 2844 1333 2908 infra
1355 2845 1464 2908 dicere

204 2951 296 3015 locus
317 2951 386 3015 erit.
428 2951 532 3015 Huius
554 2952 649 3034 igitur
670 2952 938 3016 commentarium
960 2952 992 3014 in
1013 2961 1128 3033 poetas
1150 2952 1270 3034 lyricos
1292 2970 1373 3025 esse,
1395 2970 1462 3013 non

205 3057 347 3119 Emiseni
363 3057 556 3121 Schmidtius
571 3077 631 3120 suo
646 3057 713 3121 iure
728 3060 894 3121 contendit
908 3067 941 3120 et
957 3056 1198 3121 Gutschmidius
1213 3059 1277 3139 (ap.
1294 3054 1464 3119 Flachium
1493 3077 1500 3093 ·

206 3162 284 3225 Hes
310 3161 414 3226 Miles
436 3184 468 3245 p.
495 3166 567 3245 192)
596 3172 683 3226 recte
712 3163 818 3227 dicere
847 3165 973 3226 videtur
994 3163 1183 3225 Emisenum
1213 3161 1293 3224 falso
1322 3160 1464 3224 aSuida

205 3268 451 3348 grammaticum
474 3267 639 3350 appellari.

293 3522 314 3588 ¹)
332 3525 450 3574 Momms.
469 3524 501 3572 R.
520 3524 553 3573 G.
571 3525 595 3572 V
614 3523 672 3588 561.
707 3522 773 3573 Plin.
793 3523 867 3588 epist.
888 3525 913 3572 X
932 3535 946 3588 5
962 3539 1000 3590 sq.

291 3610 315 3678 ν)
333 3611 436 3670 Robde,
456 3612 523 3662 Mus.
537 3611 620 3663 Rhen.
639 3611 743 3676 33.182
762 3611 870 3662 coniecit
888 3608 959 3682 παρ’
976 3608 1114 3679 Ἀθηναίῳ
1126 3610 1185 3661 coll.
1199 3609 1296 3659 Athen.
1311 3609 1360 3659 XV
1378 3610 1461 3672 697d.

205 3700 257 3750 Sed
278 3715 330 3750 non
343 3700 451 3764 quadrat
468 3700 510 3749 hic
527 3699 607 3760 locus,
628 3701 749 3767 quoniam
766 3700 801 3749 ibi
819 3707 887 3749 extat
906 3700 1008 3770 ἱλαρῶν
1025 3692 1159 3770 ᾀσμάτων
1171 3691 1293 3764 ποιητήν
1310 3697 1386 3747 fuisse
1402 3713 1463 3747 eum

207 3787 353 3848 Seleucum
381 3804 465 3854 neque
482 3787 560 3853 igitur
582 3795 666 3854 potest
684 3788 734 3839 diei
752 3789 821 3854 apud
839 3788 945 3838 Suidam
963 3790 1057 3856 βιβλία
1076 3782 1105 3839 δ’
1126 3785 1176 3839 οὐκ
1193 3783 1276 3852 εἶχεν.
1312 3785 1462 3850 Bernhardy

204 3875 236 3928 iv
252 3870 415 3949 παραβῆκῃ.
437 3871 641 3948 ἔμπαριὲθετον
658 3885 686 3928 ut
703 3878 809 3928 citatum
826 3876 926 3927 videtur
943 3893 1019 3943 posse
1036 3876 1159 3940 intellegi.
1252 3905 1255 3910 ,

290 3963 314 4030 ³)
333 3964 467 4014 Seleucum
478 3966 607 4030 quendam
624 3966 701 4017 etiam
714 3966 783 4032 apud
793 3966 890 4016 Athen.
904 3967 917 4016 I
939 3980 989 4032 13c
1001 3972 1026 4016 et
1040 3965 1091 4013 VII
1110 3975 1181 4030 320a
1199 3962 1342 4012 invenimus
1355 3962 1462 4012 Halieu-

204 4054 311 4104 tioorum
330 4053 485 4132 scriptorem,
512 4055 557 4104 sed
579 4055 660 4106 tribus
680 4055 757 4104 rebus
773 4071 789 4103 a
807 4053 902 4104 Suidae
925 4053 1004 4104 altero
1022 4053 1129 4104 Seleuco
1147 4051 1322 4116 distinguitur;
1352 4050 1471 4116 primum·

204 4141 273 4191 enim
298 4127 451 4194 Ἀιιέυτιιιᾶ
478 4142 621 4192 inscribitur
645 4141 699 4191 eius
726 4139 789 4189 liber
818 4157 870 4190 non
896 4134 1115 4207 annullarunt,
1142 4140 1235 4190 deinde
1262 4131 1463 4206 καταλογάδην

203 4229 303 4296 scripsit
327 4245 380 4278 non
399 4227 436 4282 δι’
454 4231 539 4295 ἐπῶν,
564 4231 675 4295 denique
695 4224 819 4300 Ταρσεύς
841 4229 993 4294 appellatur,
1019 4246 1071 4280 non
1089 4222 1245 4298 Ἐμισηνός.
1281 4229 1365 4292 Quare
1390 4227 1461 4275 haud

202 4318 265 4378 scio,
285 4333 318 4367 an
336 4333 389 4366 non
407 4330 512 4387 uterque
529 4321 611 4386 possit
631 4317 762 4368 confundi.
