3250 4980
768 387 975 450 -,0-

242 541 389 605 debetur.
434 541 519 604 Nam
542 539 669 604 duobus
698 550 824 604 tantum
854 539 933 603 locis
963 540 1100 604 citantur
1121 549 1220 622 atque
1250 541 1282 603 in
1304 541 1396 603 unius
1419 541 1503 604 eius·

242 646 384 728 demque
406 647 476 710 libri
498 647 544 709 eis
566 646 720 729 partibus,
745 666 827 725 quas
848 645 913 708 fere
936 655 1022 708 totas
1044 645 1202 728 Pamphili
1224 667 1296 710 esse
1319 655 1455 710 constat.

330 752 589 816 Commentarios
611 753 642 814 in
657 752 798 831 tragicos
813 760 929 833 poetas
943 750 1139 814 Heliodorus
1154 751 1308 826 adhibuit,
1333 772 1407 814 narn
1428 751 1501 815 huic

241 860 422 923 Priscianus
446 859 540 941 (le.
564 864 669 934 428.1
697 855 780 937 Keil)
805 855 903 918 debet
925 854 1050 919 Seleuci
1073 857 1180 920 verba.

328 965 382 1027 Ex
405 962 593 1046 Symmachi
616 961 854 1024 commentariis
875 961 1031 1042 originem
1054 962 1174 1024 ducunt
1193 961 1229 1026 fr.
1254 976 1392 1043 71-73.

329 1071 380 1132 De
403 1071 449 1132 eis
474 1069 577 1150 igitur,
603 1068 656 1147 qui
679 1065 850 1129 Seleucum
873 1067 978 1147 ipsum
1000 1068 1155 1142 adierunt,
1180 1068 1261 1131 haec
1284 1076 1420 1150 possunt
1441 1087 1501 1148 pro

242 1185 332 1240 certo
349 1174 545 1238 confirmari:
570 1171 798 1234 Adhibuerunt
812 1171 983 1252 Didymus,
1002 1172 1151 1249 Nicanor,
1168 1173 1361 1254 Apollonius
1376 1173 1500 1253 Dysco-

243 1281 303 1356 lus,
328 1280 541 1353 Herodianus,
565 1276 785 1357 Athenaeus)
808 1279 1058 1340 commentarios
1079 1278 1111 1339 in
1126 1277 1316 1353 Homerum,
1338 1278 1500 1358 Didymus

241 1387 274 1448 in
297 1386 486 1461 Hesiodum,
516 1383 712 1446 Heliodorus
734 1383 764 1443 in
787 1391 901 1463 poetas
924 1383 1072 1464 tragicos,
1103 1382 1320 1464 Symmachus
1342 1384 1500 1465 protatica

242 1491 274 1554 in
285 1489 456 1572 Polybium
470 1497 503 1551 et
514 1489 688 1560 Zenonem,
701 1486 886 1568 Pamphilus
899 1487 1024 1568 glossas
1036 1497 1069 1551 et
1081 1488 1178 1551 libros
1190 1487 1269 1573 περὶ
1276 1482 1500 1573 Ἑλληνισμοῦ.

329 1594 412 1658 Cum
443 1613 655 1675 properemus
686 1593 727 1654 ad
757 1591 868 1666 finem,
899 1613 1101 1674 quaeramus
1134 1604 1289 1674 quantum
1319 1615 1498 1676 possumus,

242 1701 381 1782 quaein
403 1699 586 1762 universum
610 1699 804 1779 praestiterit
826 1697 980 1760 Seleucus
1008 1699 1039 1761 in
1062 1699 1193 1780 singulis
1216 1701 1398 1782 disciplinis,
1429 1701 1500 1781 qui-

242 1805 303 1868 bus
326 1825 402 1868 usus
424 1806 464 1867 sit
487 1804 636 1881 fontibus,
661 1824 741 1884 quas
764 1804 804 1866 sit
826 1813 955 1866 secutus
976 1805 1125 1881 rationes,
1150 1825 1214 1888 qua
1229 1804 1292 1868 fide
1312 1807 1354 1870 sit
1374 1807 1497 1887 dignus.

242 1911 355 1990 Atque
388 1919 515 1992 praeter
544 1919 650 1973 cetera
684 1910 797 1972 miram
828 1910 1072 1992 quodammodo
1105 1911 1283 1973 invenimus
1311 1912 1499 1974 varietatem

242 2035 314 2078 esse
337 2015 405 2077 eius
427 2016 617 2080 studiorum.
658 2015 776 2095 Aeque
799 2018 884 2078 enim
907 2024 1025 2078 tractat
1046 2036 1096 2078 res
1116 2017 1354 2097 grammaticas,
1379 2017 1499 2080 histori-

242 2142 297 2184 cas
331 2122 374 2201 (in
408 2121 494 2184 libris
522 2122 563 2184 de
597 2119 823 2204 philosophia),
857 2122 1022 2196 metricas,
1059 2120 1330 2203 ethnographicas
1362 2121 1411 2202 (fr.
1437 2123 1497 2202 80).

242 2225 342 2289 Porro
372 2226 403 2288 in
427 2227 606 2308 permultos
637 2236 752 2308 poetas
782 2227 907 2308 scripsit
928 2227 1178 2290 commentarios
1207 2226 1379 2308 pluresque
1402 2229 1498 2300 novit,

243 2334 332 2412 quod
360 2331 465 2394 elucet
495 2332 592 2394 etiam
615 2353 658 2394 ex
688 2352 809 2412 magno
833 2341 1003 2414 poetarum
1026 2351 1169 2405 numero,
1201 2332 1256 2413 qui
1278 2331 1448 2395 laudantur
1469 2333 1499 2394 in

241 2438 353 2518 paucis
369 2457 452 2517 quae
472 2446 599 2500 servata
620 2446 694 2500 sunt
716 2437 912 2516 fragmentis.
945 2437 1030 2500 Nam
1050 2447 1178 2519 praeter
1193 2437 1373 2500 Homerum
1389 2437 1497 2499 Hesio-

241 2542 319 2604 dum
342 2543 501 2605 Alcaeum
524 2544 660 2605 citantur
682 2565 725 2606 ex
747 2544 852 2625 poetis
875 2543 983 2623 lyricis
1007 2543 1223 2606 Archilochus
1245 2543 1293 2624 (ir.
1318 2543 1381 2625 2ο),
1406 2541 1498 2605 Stesi-

241 2645 359 2710 chorus
383 2648 491 2730 (ibid),
515 2648 669 2710 Pindarus
692 2647 800 2732 (ibid.)
831 2669 874 2710 ex
896 2648 994 2730 epicis
1017 2648 1188 2729 Panyassis
1210 2648 1259 2728 (lr.
1282 2649 1346 2730 65),
1376 2669 1418 2711 ex
1440 2658 1499 2711 tra-

241 2753 320 2834 gicis
344 2753 531 2835 Aeschylus
554 2752 602 2833 (fr.
629 2755 692 2834 34),
723 2752 906 2835 Sophocles
929 2753 1040 2834 (ibid),
1071 2753 1241 2836 Euripides
1266 2753 1315 2835 (sr.
1339 2755 1403 2836 24),
1427 2753 1499 2817 Car-

241 2858 332 2940 cinus
357 2857 403 2938 (fr.
429 2859 490 2940 22),
515 2879 558 2920 ex
580 2860 711 2921 comicis
726 2858 964 2940 Aristophanes
980 2858 1028 2939 (ir.
1045 2859 1088 2938 69
1103 2868 1135 2921 et
1150 2860 1215 2940 73),
1240 2858 1369 2922 Strattis
1393 2858 1442 2940 (fr.
1458 2860 1499 2936 46

241 2972 274 3025 et
296 2965 361 3044 48),
385 2963 477 3025 Plato
500 2962 548 3044 (fr.
572 2967 636 3045 45),
661 2965 838 3026 Menander
862 2963 908 3044 (fr.
934 2967 995 3044 22),
1027 2962 1176 3045 Diphilus
1199 2963 1310 3045 (ibid),
1334 2963 1499 3046 Lysippus

241 3067 291 3148 (fr.
313 3071 377 3150 41),
402 3089 445 3129 ex
466 3068 696 3131 Alexandrinis
718 3068 913 3150 Apollonius
933 3068 1079 3130 Rhodius
1102 3067 1149 3148 (fr.
1173 3071 1236 3151 77),
1267 3069 1500 3133 Eratosthenes

242 3173 289 3256 (fr.
308 3176 370 3254 22),
389 3173 615 3257 Theodoridas
631 3174 680 3256 (fr.
696 3176 759 3255 46).
794 3173 848 3235 Ex
870 3173 1028 3255 pedestris
1050 3175 1206 3236 sermonis
1222 3175 1432 3256 scriptoribus
1453 3178 1499 3238 ci-

240 3288 348 3342 tantur
370 3279 578 3360 Thucydides
600 3291 633 3343 et
656 3281 686 3342 in
708 3279 890 3342 universum
912 3299 1018 3341 rerum
1041 3280 1213 3361 scriptores
1237 3279 1284 3358 (fr.
1309 3283 1369 3362 22),
1394 3281 1499 3362 Epae·

240 3394 334 3448 netus
357 3383 405 3468 (fr.
428 3385 481 3467 68)
491 3386 525 3466 2).
1419 3439 1420 3444 ,

326 3490 443 3553 Parum
466 3491 598 3571 copiose
626 3490 730 3552 dicere
753 3510 926 3571 possumus
949 3490 989 3551 de
1009 3487 1150 3551 fontibus
1173 3490 1248 3556 eius.
1293 3490 1368 3572 Ipse
1392 3492 1499 3554 laudat

240 3595 273 3658 in
294 3595 536 3660 commentariis
565 3595 748 3658 Homericis
775 3605 904 3677 praeter
932 3594 1131 3677 exemplaria
1160 3603 1279 3671 vetera,
1313 3597 1355 3658 de
1385 3597 1499 3678 quibus

240 3701 304 3763 iam
342 3701 499 3778 diximus,
535 3699 791 3782 Aristophanem
826 3701 1041 3783 Byzantinum
1078 3700 1129 3779 (A
1166 3702 1253 3780 122),
1289 3700 1498 3782 Theagenem

240 3807 293 3886 (A
319 3807 401 3888 381),
432 3805 649 3867 Athenoclem
680 3804 876 3887 Cyzicenum
899 3809 941 3887 (B
963 3806 1048 3886 409),
1078 3805 1281 3867 Demetrium
1309 3805 1498 3869 Phalereum

240 3911 353 3992 (ibid),
378 3911 548 3972 Timaeum
571 3909 769 3992 (d15—19),
792 3911 1019 3974 Philochorum
1042 3909 1075 3990 (d
1094 3912 1157 3991 74),
1177 3910 1389 3974 Aristotelem
1410 3914 1435 3992 (ι
1460 3919 1499 3992 5),

240 4016 272 4078 in
305 4017 423 4096 glossis
455 4016 658 4079 Demetrium
691 4017 838 4078 Ixionem
870 4015 917 4098 (ir.
940 4017 1006 4100 42),
1043 4017 1074 4077 in
1092 4015 1194 4078 'libris
1225 4016 1266 4078 de
1296 4015 1499 4098 philosophia

329 4260 351 4326 1)
371 4262 469 4311 Tamen
488 4263 519 4312 cf.
540 4263 572 4312 de
591 4263 725 4312 Athenaeo
746 4278 772 4330 p.
794 4277 832 4324 14.

306 4347 351 4426 Ι2)
370 4350 515 4414 Epaenetus
532 4351 580 4402 fuit
597 4352 662 4402 inter
680 4367 761 4401 annos
782 4364 829 4416 130
840 4360 864 4400 et
878 4363 910 4417 50
928 4369 943 4402 a
962 4353 1021 4404 Chr.
1047 4353 1084 4402 M.
1102 4352 1258 4415 Wellmann,
1278 4353 1367 4402 Herm.
1386 4363 1498 4416 22193.
