3250 4980
675 367 884 431 ,47-

236 516 331 604 είρω·
362 571 400 591 ..
425 515 442 588 ό
473 521 510 586 δὲ
532 519 689 599 Σέλευκος
718 512 787 586 άπὸ
814 522 872 585 τοῦ
901 519 1111 605 συνειργμένα
1140 521 1198 586 καί
1229 540 1468 609 συνηρμοσ-5ι,

139 625 231 708 μένα
253 626 412 710 λέγεσθαι
434 629 492 692 τοῦ
515 622 611 710 λόγου
634 621 675 689 τὰ
697 624 789 710 μέρη.
833 627 886 691 Et.
910 646 953 692 m.
978 643 1049 705 304.
1075 643 1126 707 27.

235 729 394 808 Σέλευκος
430 725 462 796 δ’
496 728 530 795 έν
562 725 728 816 γλώσσαις
763 728 925 797 ἑλλωτίόα
960 731 1142 797 καλεῖσθαί
1178 753 1261 818 φησι
1298 726 1467 815 [παρὰ52.

141 836 259 922 Κρησί
282 839 400 918 addidi]
425 832 480 904 τὸν
502 833 539 901 έκ
553 835 706 922 μυρρίνης
728 831 930 919 πλεκόμενον
945 837 1115 923 στέφανον,
1139 828 1215 903 όντα
1236 831 1294 925 τὴν
1316 834 1407 920 περί-

140 965 267 1026 μετρον
288 945 403 1028 πηγῶν
425 937 461 1023 κ’,
484 939 671 1023 πομπεύειν
685 965 719 1006 τε
742 939 776 1007 ἐν
791 944 831 1027 τῇ
851 944 915 1007 τῶν
932 933 1115 1006 Ἑλλωτίων
1138 937 1240 1028 ἑορτῇ.
1271 939 1356 1027 φασί
1373 935 1405 1006 δ’

143 1045 184 1112 ἕν
207 1042 297 1133 αύτῷ
316 1043 358 1112 τὰ
379 1051 435 1133 τῆς
456 1041 618 1132 Εὐρώπης
645 1038 725 1113 όστᾶ
753 1045 962 1130 κομίζεσθαι,
992 1035 1032 1128 ἣν
1055 1041 1194 1113 ἐκάλουν
1219 1039 1409 1114 Ἑλλωτίδα.

141 1147 297 1236 ἄγεσθαι
330 1151 367 1217 δὲ
399 1151 456 1216 καί
488 1150 522 1216 έν
552 1151 711 1236 Κορίνθῳ
740 1147 782 1216 τὰ
808 1145 975 1219 Ἑλλώτια.
1014 1152 1134 1217 Athen.
1158 1153 1223 1214 XV
1250 1174 1283 1234 p.
1305 1154 1407 1232 678b.

143 1256 198 1320 cf.
236 1257 349 1339 Steph.
373 1257 452 1338 Byz.
496 1262 527 1320 Γ
524 1251 632 1340 όρτυυ·
667 1252 826 1341 πρότερον
854 1252 915 1342 γὰρ
945 1255 1093 1322 ἐκαλεῖτο
1123 1249 1287 1334 Ἑλλωτίς.
1325 1251 1409 1322 οότω

143 1357 210 1446 γάρ
234 1357 327 1446 παρὰ
349 1360 477 1446 Κρησίν
500 1355 651 1447 Εὐρώπη.
687 1363 736 1428 CI.
759 1364 811 1426 Et.
835 1384 877 1427 m.
901 1385 926 1428 s.
942 1385 993 1428 vv.
1022 1358 1183 1427 Ἑλλωτία
1205 1373 1238 1426 et
1256 1355 1409 1442 Ἑλλωτίς

142 1477 180 1530 et
204 1468 283 1534 Hes,
307 1489 331 1533 s,
356 1467 434 1530 eisd.
457 1489 508 1533 vv.

236 1569 427 1653 ἐμπέπτας·
466 1569 679 1654 (ἒμπέμπτας
707 1576 792 1655 cod.)
824 1565 842 1638 ό
873 1565 969 1650 αὐτός
1001 1595 1084 1662 φησι
1115 1573 1195 1653 (scil.
1225 1571 1405 1656 Σέλευκος),
1419 1585 1467 1650 53.

142 1669 286 1760 πύρινος
308 1668 404 1760 ίίρτος
434 1677 546 1755 κοῖλος
575 1677 632 1742 καί
664 1673 843 1761 σύμμετρος
873 1672 987 1759 όμοιος
1015 1682 1089 1756 ταῖς
1118 1675 1307 1762 λεγομέναις
1332 1703 1407 1767 κρη-

144 1785 256 1864 πῖσιν,
279 1778 328 1858 εἰς
350 1771 389 1860 ἃς
405 1779 571 1847 ἐπίθετοι
593 1778 634 1847 τὰ
653 1781 710 1848 διὰ
732 1785 813 1865 (τού)
835 1786 932 1868 τυροῦ
953 1780 1170 1864 σκευαζόμενα
1193 1777 1409 1850 πλακούντια.

142 1882 202 1967 (τὰ
226 1881 284 1952 όιόι
305 1891 405 1971 κηροῦ
427 1889 465 1953 Ε.
503 1882 543 1952 τὰ
568 1883 625 1951 διὰ
646 1891 743 1973 τυροῦ
763 1889 853 1964 Hes,‚
878 1891 961 1952 unde
979 1889 1098 1952 delevit
1118 1888 1240 1954 articul.
1257 1888 1407 1970 Casaub.)

144 1992 271 2056 Athen.
294 1993 374 2054 XIV
397 2014 429 2074 p.
445 1994 547 2072 645d.
585 1993 665 2058 Hes.
687 2016 712 2056 s.
738 2016 768 2059 v.
791 1996 879 2057 addit
897 1987 1030 2059 Ῥόδιοι.

240 2094 419 2179 ἐπιθυμίς·
444 2091 603 2175 Σέλευκός
624 2120 707 2183 φησι
732 2093 772 2164 τὰ
795 2100 905 2165 πάντα
928 2095 1176 2183 στεφανώματα.
1199 2097 1320 2162 Athen.
1342 2098 1406 2159 XV
1418 2109 1467 2174 54.

143 2225 180 2285 p.
206 2203 306 2284 6780.
341 2203 420 2268 Hes.
442 2225 467 2268 S.
491 2225 537 2266 v.:
563 2200 765 2269 παντοδαπὰ
787 2201 1035 2290 στεφανώματα.

236 2301 338 2372 ἑπτά·
369 2303 522 2374 ἀπὸτοῦ
548 2305 679 2374 ἐπιέναι
709 2313 755 2395 τηῖ
780 2304 906 2395 δεκάτῳ
930 2302 1066 2395 ἀριθμῷ
1074 2328 1080 2341 ·
1112 2301 1214 2385 οότως
1238 2307 1406 2386 Σέλευκος.
1418 2323 1466 2388 55.

143 2414 201 2478 Et.
225 2433 267 2478 m.
292 2413 362 2491 368.
387 2427 415 2492 5.

233 2513 308 2596 τοὺς
335 2515 373 2582 δὲ
402 2511 541 2598 λεπτοάς
568 2521 634 2584 τῶν
660 2522 764 2603 τυρῶν
790 2519 849 2584 καί
879 2520 1016 2598 πλατεῖς
1038 2522 1163 2604 Κρῆτες
1189 2517 1329 2600 θηλείας
1349 2543 1406 2584 κα·
1419 2523 1466 2601 56.

144 2624 271 2701 λοῦσιν,
304 2615 347 2700 ὥς
376 2647 459 2710 φησι
487 2625 659 2702 Σέλευκος·
692 2613 747 2702 οὓς
776 2623 810 2690 έν
837 2623 907 2705 (καί
930 2621 965 2688 έν
992 2626 1049 2708 Α.)
1072 2622 1209 2703 θυσίαις
1238 2623 1327 2690 τισίν
1358 2621 1405 2689 έν-

143 2727 325 2814 αγίζουσιν.
371 2728 491 2795 Athen.
515 2729 594 2790 XIV
618 2750 649 2810 p.
673 2730 776 2806 658d.

235 2827 412 2919 καρβάνοι·
436 2827 477 2897 τὰ
496 2835 560 2898 τῶν
579 2833 764 2918 σφενδονῶν
786 2832 924 2920 καρφία,
948 2825 993 2912 ὡς
1015 2831 1182 2910 Σέλευκος.
1227 2833 1305 2899 Ηεε.

233 2935 292 3002 ἐπὶ
316 2935 422 3002 λείαν·
446 2935 506 3002 ε’πί
528 2936 687 3023 ληστείον.
731 2940 811 3002 Hes.

235 3041 284 3107 Cs.
303 3043 386 3108 Lob.
401 3043 568 3126 Aglaoph.
588 3060 656 3124 305,
680 3046 734 3125 qui
757 3045 798 3106 ad
813 3043 1080 3106 commentarium
1095 3043 1253 3106 Axonum
1275 3043 1405 3108 rettulit.

232 3142 467 3232 μετάνιπτρον·
507 3201 514 3216 .
539 3204 545 3217 .
570 3144 654 3215 ένιοι
683 3149 720 3214 δὲ
748 3143 806 3236 τὴν
838 3144 920 3230 μετὰ
951 3141 989 3213 τὸ
1018 3146 1189 3233 νίψασθαι
1219 3143 1329 3231 πόσιν,
1364 3141 1466 3228 ὦς59.

144 3251 308 3344 Σέλευκος
331 3251 365 3318 ἐν
387 3247 560 3336 γλιόσσαις.
604 3255 724 3320 Athen.
748 3255 795 3315 XI
817 3275 850 3335 p.
872 3255 935 3333 487
944 3275 973 3322 a.
1017 3255 1096 3318 Ι-Ιεε.
1118 3275 1142 3318 S.
1165 3275 1196 3317 ν.

232 3355 316 3442 μήλη
345 3353 493 3446 ἰατρική,
524 3349 570 3424 δι’
596 3343 634 3446 ἧς
663 3358 864 3444 ψηλαφᾶται
893 3354 935 3424 τὰ
963 3353 1165 3440 πονούμενα·
1200 3359 1323 3442 μηλοῦν
1345 3355 1466 3445 γὰρ60.

146 3456 185 3526 τό
214 3462 376 3548 ψηλαφᾶν
406 3463 552 3548 λέγεται·
587 3463 646 3528 καὶ
674 3459 839 3550 μηλωθρὰ
868 3459 909 3529 τὰ
937 3465 1093 3549 πορφυρᾶ
1120 3457 1286 3547 βάμματα.
1322 3458 1405 3531 οότω

144 3567 315 3646 Σέλευκος.
357 3569 410 3635 Et.
432 3591 474 3636 m.
500 3573 570 3649 583.
593 3572 645 3647 48.
691 3569 740 3634 CI.
759 3571 812 3634 Et.
836 3569 920 3634 Gud.
945 3587 1016 3649 391.
1043 3585 1091 3648 32.

233 3673 342 3738 Phott
365 3674 576 3760 μηλαφῆσαι·
601 3675 809 3763 ψηλαφῆσαι.

232 3773 402 3858 Λάκωνας
416 3778 454 3844 δέ
468 3779 626 3858 Σέλευκος
641 3777 675 3844 έν
690 3775 856 3864 γλάσσαις
871 3778 954 3866 φησὶ
970 3780 1082 3844 καλεῖν
1096 3774 1137 3844 τὰ
1150 3774 1287 3861 μαλακὰ
1301 3773 1406 3866 κάρυα
1415 3779 1465 3842 61.

146 3879 319 3969 μυκήρους,
347 3883 483 3971 Τηνίους
500 3885 537 3950 δέ
557 3881 599 3951 τὰ
615 3883 734 3970 γλυκέα
749 3881 863 3971 κάρυα.
900 3884 1021 3949 Athen.
1037 3885 1067 3946 II
1090 3906 1122 3966 p.
1141 3899 1217 3964 52c.
1240 3885 1318 3952 Hes.
1335 3907 1359 3950 s.
1375 3908 1405 3952 ν.

232 3982 313 4075 κόρη
343 4037 351 4053 .
382 4038 389 4054 .
419 3989 573 4076 σημαίνει
607 3987 665 4077 την
698 3989 868 4075 παρθένον
903 3981 998 4075 παρά
1030 3985 1068 4056 τό
1102 3990 1191 4071 κυρῶ
1221 3984 1258 4054 τὸ
1291 3985 1407 4072 ἐπιμε-
1416 3992 1466 4054 62.

145 4092 280 4174 λούμαι.
325 4091 363 4174 ἒξ
383 4081 421 4161 ού
445 4095 503 4160 καὶ
525 4091 684 4182 νεωκόρος
713 4088 812 4161 ὃτού
841 4097 921 4161 ναοῦ
942 4089 1206 4177 ἐπιμελούμενος.
1242 4092 1406 4174 Σέλευκος.

146 4198 199 4263 Et.
224 4197 307 4264 Gud.
331 4217 403 4280 339.
424 4215 475 4281 45.
512 4201 561 4268 Cf.
584 4203 637 4268 Et.
661 4201 744 4266 Gud.
767 4216 836 4282 147.
861 4216 911 4281 25.
945 4195 1157 4284 Διόςκουροι·
1190 4194 1223 4264 οῖ
1245 4202 1303 4265 τοῦ
1325 4196 1408 4280 Διὸς

144 4299 412 4385 ἐπιμελούμενοι.
448 4304 485 4372 τὸ
508 4301 569 4391 γὰρ
592 4305 761 4390 ἑπιμελεῖν
790 4311 900 4392 κυρεῖν
929 4305 1067 4390 λέγεται,
1098 4297 1142 4382 ὡς
1169 4304 1269 4391 δῆλον
1290 4302 1326 4370 έκ
1348 4308 1408 4372 τοῦ
