3250 4980
721 336 931 381 -12-

196 486 306 555 καίτοι
338 487 423 567 τινὲς
454 485 566 568 στίχον
598 486 833 572 προςέγραψαν
856 483 915 575 τὴν
941 485 1053 555 αἰτίαν
1082 488 1326 572 προςτιδέιτες·
1363 481 1453 576 (ᾔδεε

197 588 258 678 γὰρ
280 587 366 658 κατὰ
384 587 493 674 θυμὸν
514 583 677 678 ἀδελφεὸν
698 585 744 671 ὥς
772 587 935 659 ἒπονεῖτο’
963 587 1076 678 ὥσπερ
1105 593 1180 660 δέον
1200 589 1311 659 εἰπεῖν
1332 591 1454 670 αἰτίαν,

197 695 244 764 δι’
271 685 310 784 ἢν
334 689 480 783 ἀδελφὸς
508 689 691 780 αὐτόματος
719 690 759 762 άν
782 693 857 783 ἥκοι
887 693 974 782 πρὸς
1002 698 1138 764 δεῖπνον
1169 694 1273 781 [οὐδὲ]
1304 703 1454 786 πιθανῆς

195 803 254 889 τῆς
282 797 392 880 αἰτίας
423 794 679 888 ἀποδιδομένης.
719 799 859 886 πότερον
892 797 953 886 γάρ
986 825 1095 890 φησιν,
1130 796 1174 884 ὡς
1202 796 1261 870 oin
1294 799 1367 892 οίδει
1398 800 1455 869 τὸν

197 898 342 994 άδελφδν
364 903 529 976 ἑστιῶντα.
559 907 617 973 καί
640 911 713 988 πῶς
732 904 772 975 οἰ
795 908 924 993 γελοῖον
945 905 1010 973 uri.
1041 911 1206 992 usquead
1233 903 1453 996 μεμφόμενος.

195 1011 336 1076 Causam
358 1015 454 1096 igitur
468 1014 650 1077 addendam
673 1035 745 1077 esse
759 1023 953 1096 putaverunt
974 1014 1027 1088 illi,
1051 1017 1105 1097 qui
1121 1018 1151 1079 Β
1164 1015 1228 1092 408
1244 1017 1453 1092 inseruerunt,

196 1119 240 1182 ob
262 1139 361 1200 quam
379 1119 546 1182 Menelaus
568 1111 751 1201 αύτύματος
770 1120 910 1181 venisset
923 1118 965 1180 ad
980 1117 1238 1199 Agamemnonis
1259 1121 1452 1184 convivium.

197 1224 309 1305 Atque
331 1226 415 1288 duae
436 1223 612 1287 afferuntur
641 1244 766 1298 causae,
801 1243 884 1302 quae
906 1223 1015 1311 statim
1039 1223 1233 1289 refelluntur.
1277 1225 1383 1288 Prima
1405 1227 1454 1286 in-

154 1398 156 1402 .
194 1329 321 1392 ducitur
342 1330 449 1392 verbis
470 1325 610 1414 πότερον
631 1321 692 1412 γάρ
707 1349 819 1414 φησιν.
852 1328 891 1390 Εἰ
907 1329 961 1409 qui
984 1329 1067 1392 hanc
1082 1329 1290 1410 proferebant
1311 1351 1454 1404 causam,

196 1433 260 1498 hoc
290 1433 468 1516 significare
499 1435 589 1496 illum
618 1454 745 1496 versum
774 1433 959 1497 voluerunt:
995 1444 1129 1497 noverat
1158 1433 1288 1498 fratrem
1322 1437 1455 1498 cruciari

195 1540 311 1613 anim0,
336 1541 354 1602 i.
371 1560 398 1602 e.
422 1541 554 1602 omnino
577 1539 747 1620 ignorabat
762 1539 943 1601 convivium
966 1541 1070 1621 parari
1089 1562 1109 1603 a
1127 1539 1232 1616 fratre,
1254 1542 1313 1604 sed
1327 1549 1455 1604 tantum

196 1644 291 1718 venit,
325 1654 359 1706 ut
388 1664 463 1708 eum
493 1632 643 1706 visitaret.
688 1643 803 1705 Altera
831 1664 928 1706 causa
957 1645 1115 1707 inducitur
1142 1645 1249 1708 verbis
1280 1635 1456 1733 ἢνηΔία

195 1743 273 1829 κτλ,
295 1769 360 1830 qua
376 1753 430 1830 qui
447 1749 626 1823 utebantur,
650 1749 695 1811 ita
710 1749 908 1830 interpretati
924 1760 998 1812 sunt
1012 1769 1086 1812 eum
1102 1771 1245 1814 versum:
1269 1749 1456 1814 Menelaum

195 1856 363 1936 ignoscere
385 1853 627 1936 Agamemnoni
648 1873 713 1915 non
735 1853 880 1917 invitanti
901 1875 976 1917 eum
998 1863 1031 1917 et
1052 1865 1161 1918 tamen
1183 1859 1299 1919 venire.

281 1961 393 2042 Atque
415 1961 498 2023 hanc
519 1959 654 2022 alteram
677 1980 808 2022 eausam
828 1958 1006 2022 Aristarchi
1029 1980 1101 2023 esse
1122 1971 1209 2024 recte
1230 1961 1457 2024 animadvertit

197 2063 393 2130 Schmidtius
416 2075 449 2128 et
471 2065 546 2146 quia
568 2063 705 2127 refutata
727 2085 766 2126 ea
788 2065 895 2127 statim
926 2075 1104 2145 sequuntur
1126 2069 1214 2147 apud
1234 2067 1455 2130 Athenaeum:

198 2162 405 2258 Ἀθηνοκλῆς
421 2162 452 2235 δ’
472 2162 490 2236 ὃ
510 2162 694 2254 Κυζικηνὸς
707 2167 833 2251 μᾶλλον
841 2168 1059 2254 Ἀριστάρχου
1073 2163 1266 2236 κατακούων
1279 2173 1344 2236 τῶν
1355 2163 1456 2254 Ὁμη-

197 2277 299 2360 ρικῶν
314 2273 405 2342 ε’πῶν
419 2271 484 2340 uri.
508 2285 540 2338 et
563 2286 696 2357 propter
710 2275 810 2337 schol.
830 2277 951 2354 8405:
975 2267 1046 2356 ἅμα
1062 2274 1100 2340 δὲ
1122 2272 1274 2342 διδάσκει
1296 2297 1457 2360 συμπερι-

197 2379 357 2470 φέρεσδαι
372 2384 444 2458 τοῖς
459 2374 619 2466 ἀδελφοῖς
641 2375 675 2444 ἰν
688 2383 762 2458 ταῖς
781 2371 887 2444 αὐτῶν
902 2379 1048 2459 σχολαῖς.
1071 2380 1129 2446 καί
1151 2381 1206 2446 ἵνα
1220 2377 1266 2468 μὴ
1279 2377 1358 2466 δόξη
1381 2379 1457 2446 ἐπι-

198 2487 363 2575 λελῆσθαι
387 2477 486 2551 αἰτοῦ
508 2477 526 2551 δ
550 2477 703 2570 ἀδελφός,
727 2481 910 2566 αὐτόματος
931 2480 1060 2568 ἔρχεται
1083 2477 1308 2554 ἀπαλλάσσων
1331 2483 1458 2551 ἐκεῖνον

198 2584 244 2668 ὡς
264 2586 466 2674 πονούμενον
486 2593 545 2656 τού
565 2584 767 2675 ἐγκλήματος
788 2593 828 2652 Β.
858 2593 935 2670 ΤΛ).

279 2697 353 2779 lpse
382 2707 492 2760 autem
522 2707 635 2760 auctor
672 2694 834 2758 Athenaei
864 2697 1059 2777 contemptis
1091 2695 1151 2758 illis
1183 2697 1302 2770 causis,
1346 2697 1455 2759 Athe-

196 2801 291 2866 nocle
314 2801 476 2882 Cyziceno
498 2811 531 2865 et
552 2801 721 2864 Demetrio
743 2800 898 2863 Phalereo
928 2800 1064 2863 laudatis
1086 2801 1173 2864 delet
1194 2802 1283 2864 illum
1306 2822 1453 2878 versum;

197 2907 297 2994 δῆλον
319 2899 465 2992 μδρ,ἐίι,
497 2899 541 2986 ὥς
561 2897 634 2972 nilne
657 2895 801 2992 ἇδελφὸν
823 2899 896 2972 σύτο
918 2905 1033 2990 γονέας
1055 2896 1128 2971 ούτε
1150 2910 1286 2997 γυναῖκα
1308 2905 1453 2992 κλητέον,

196 3002 264 3077 oiin'
290 3008 324 3077 εἰ
337 3036 388 3091 τις
409 3007 567 3093 ἰσοτίμως
584 3007 675 3091 τινὰς·
696 3005 827 3088 τούτοις
848 3002 930 3095 άμει.
961 3012 1108 3074 Eandem
1131 3015 1322 3076 sententiam
1346 3015 1455 3095 prodit

195 3117 299 3198 prima
336 3139 411 3200 pars
446 3118 515 3180 eius
550 3117 662 3181 scholii
698 3119 741 3181 ad
769 3119 801 3180 Β
821 3130 895 3197 405,
933 3117 1021 3179 cuius
1058 3115 1156 3179 finem
1188 3127 1313 3180 tantum
1347 3119 1455 3181 attulit

194 3221 399 3286 Schmidtius.
446 3223 543 3286 Falso
573 3225 657 3286 enim
688 3233 836 3286 extrema
865 3223 963 3285 verba
993 3221 1036 3284 ab
1063 3242 1157 3285 versu
1179 3239 1244 3304 409
1273 3215 1362 3311 (ᾔδεε
1392 3219 1455 3306 γὰρ

195 3322 282 3394 κατὰ
296 3323 404 3410 θυμόν
422 3380 429 3394 .
447 3329 468 3411 .)
491 3329 590 3391 σίτοιο
604 3330 774 3392 coniuncta
796 3348 867 3391 esse
887 3336 967 3409 puto
982 3347 1057 3390 cum
1080 3329 1126 3390 eis
1141 3349 1224 3410 quae
1246 3329 1453 3409 praecedunt.

193 3434 303 3497 Antea
325 3434 409 3496 enim
431 3435 612 3514 exponitur,
636 3434 752 3513 quibus
772 3435 812 3496 de
836 3433 939 3496 causis
961 3452 1002 3495 eo
1016 3432 1127 3495 ordine
1142 3433 1313 3495 invitentur
1327 3434 1452 3508 heroes,

194 3559 293 3620 quem
314 3540 460 3601 videmus
491 3539 578 3618 apud
599 3539 787 3602 Homerum.
832 3537 945 3620 Atque
974 3548 1051 3620 post
1074 3538 1269 3601 Diomedem
1299 3539 1452 3621 legimus:

195 3641 287 3723 ἕκτος
312 3637 496 3722 Ὀδυσσεύς,
521 3639 579 3724 οὐχ
601 3639 644 3722 ὡς
665 3646 729 3709 τῶν
751 3641 995 3729 προειρημένων
1016 3634 1120 3728 ἥττων
1142 3645 1229 3727 (πῶς
1250 3639 1311 3728 γὰρ
1334 3639 1352 3709 ὁ
1373 3649 1452 3728 βοε-

193 3743 253 3828 λάς
281 3740 311 3813 τ’
337 3742 483 3832 ἐξάρχων
516 3741 649 3834 ἀγαθάς
684 3743 831 3830 πόλεμόν
861 3769 895 3812 τε
927 3743 1108 3832 κορύσσων)
1143 3743 1217 3812 ἀλλ’
1251 3742 1295 3828 ὡς
1326 3749 1455 3830 μᾶλλον

195 3847 293 3921 αύτδν
322 3853 430 3943 φιλῶν
460 3856 504 3936 (Β
526 3852 638 3942 φίλον)
667 3852 824 3939 παρεῖδεν
854 3844 1119 3936 δ’Λγαμέμνων.
1159 3847 1215 3919 τὸν
1243 3853 1305 3939 γὰρ
1335 3858 1379 3938 (Β
1400 3854 1452 3938 δι’)

193 3954 338 4046 ἀδελφὸν
366 3949 444 4025 οὐδὲ
472 3953 624 4024 ἐκάλεσεν
650 3951 724 4024 ἀλλ)
751 3951 932 4038 αὐτόματος
961 3944 1073 4024 ileu.
1106 3961 1143 4023 B.
1173 3965 1207 4022 T.
1253 3961 1452 4024 Townleiani

194 4065 364 4129 lectionem
394 4058 450 4131 τὸν
472 4061 533 4149 γάρ
562 4075 698 4146 apparet
724 4086 796 4128 esse
824 4082 943 4136 veram,
975 4083 1049 4125 nam
1072 4063 1197 4139 Ulixes,
1229 4087 1326 4148 quem
1356 4077 1452 4129 sexto

279 4205 302 4272 ¹)
321 4205 438 4256 Ceterum
457 4205 618 4255 Aristarchus
644 4221 696 4256 non
719 4205 840 4271 arguitur.
870 4205 941 4270 quod
965 4219 1063 4254 versum
1087 4205 1158 4255 illum
1182 4206 1378 4274 interpolaverit,
1406 4209 1453 4258 sed

192 4295 271 4344 modo
289 4296 359 4362 quod
377 4311 430 4344 non
448 4294 576 4354 deleverit,
597 4309 656 4344 nam
675 4293 819 4344 Demetrius
836 4294 972 4342 Phalereus
990 4309 1048 4343 eum
1066 4294 1117 4343 iam
1133 4294 1226 4358 legisse
1244 4295 1341 4346 dicimr.
