3250 4980
724 373 937 432 -14-

284 525 320 588 ln
346 524 448 588 altera
473 525 691 606 disputatione
718 546 746 587 c.
770 543 791 604 9
813 526 878 589 init.
902 525 1002 587 verba
1030 518 1123 590 τὸδ’
1150 518 1227 592 ὅλον
1246 520 1285 590 τὸ
1312 519 1397 606 πρὸς
1415 514 1459 588 τά

196 631 335 696 τοιαῦτα
363 624 509 708 νενευκὸς
536 634 609 706 τοῖς
639 631 820 716 μνηστῆρσι
852 626 910 692 καὶ
942 632 1014 708 τοῖς
1042 628 1190 710 Φαίαξιν
1215 625 1347 710 Ιἔντιμον
1379 619 1456 692 ἀλλ’

198 727 273 815 οὖχὶ
304 731 446 819 Νέστορι
474 725 552 800 οὐδὲ
581 729 744 821 Μενελάῳ
780 735 953 798 Athenaeo
981 736 1041 816 ipsi
1071 736 1182 798 deberi
1212 737 1367 798 videntur.
1411 735 1460 796 In-

198 849 287 902 serta
316 847 391 901 sunt
419 849 562 918 tantum,
596 850 632 902 ut
664 861 704 903 ea
733 860 816 922 quae
850 848 1035 920 sequuntur,
1069 850 1204 922 possent
1234 841 1372 920 adiungi.
1421 839 1461 901 ln

199 945 306 1006 media
328 944 390 1006 hac
412 953 504 1026 parte
526 947 571 1027 (p.
599 947 653 1009 181
667 946 695 1027 c)
718 946 914 1008 secernenda
936 965 1008 1008 esse
1029 956 1111 1027 puto
1130 947 1230 1008 verba
1251 938 1400 1010 καθόλου
1421 942 1461 1008 δὲ

200 1045 364 1135 διάφορος
385 1035 424 1136 lp
445 1043 466 1132 ἡ
494 1044 637 1136 μουσικὴ
658 1043 752 1134 παρὰ
765 1053 838 1128 τοῖς
858 1043 1007 1135 Ἕλλησι,
1029 1052 1094 1115 τῶν
1114 1050 1175 1132 μὲν
1191 1047 1382 1136 Ἀθηναίων
1395 1047 1461 1114 nri.

199 1157 367 1236 usquead
396 1145 507 1221 άλλων
531 1149 563 1220 d'
585 1147 668 1220 άλλο
688 1179 731 1219 τι.
776 1155 861 1218 Nam
884 1157 973 1236 quod
995 1158 1160 1237 praecedit
1189 1177 1233 1219 ex
1254 1157 1390 1219 Timaeo
1418 1157 1460 1218 de

199 1259 381 1323 Laconistis
415 1269 492 1340 apte
524 1261 657 1323 citatum
687 1269 753 1336 est,
785 1262 939 1340 quoniam
969 1262 1257 1324 demonstrandum
1291 1261 1349 1323 fuit
1374 1260 1461 1323 aliud

199 1366 339 1430 saltandi
360 1386 463 1447 genus
486 1364 630 1428 floruisse
652 1365 739 1447 apud
760 1365 1038 1429 Lacedaemonios
1061 1386 1159 1446 quam
1182 1367 1350 1450 κυβιστᾶν.
1394 1364 1461 1428 Sed

198 1480 307 1534 cetera
327 1470 430 1534 aliena
451 1480 526 1534 sunt
547 1491 567 1533 a
589 1470 818 1534 sententiarum
841 1491 979 1533 conexu.

217 1623 219 1628 ,
285 1577 356 1638 Has
377 1577 604 1657 grammaticas
627 1576 832 1656 quaestiones
851 1575 1042 1638 Athenaeus
1061 1596 1105 1638 ex
1126 1575 1307 1639 Homericis
1333 1574 1460 1638 Seleuci

199 1682 439 1746 commentariis
462 1682 668 1762 descripsisse
690 1680 869 1743 censendus
892 1690 950 1755 est,
974 1681 1032 1742 nisi
1055 1680 1138 1744 forte
1160 1682 1192 1743 in
1214 1681 1296 1744 libro
1318 1682 1462 1764 quodam

200 1787 386 1862 extiterunt,
411 1788 465 1868 qui
487 1785 674 1849 continebat
694 1787 782 1848 varia
805 1781 979 1872 ζητήματα.

285 1891 402 1956 Eidem
424 1892 515 1973 operi
537 1911 658 1956 novum
681 1890 897 1972 fragmentum
920 1893 994 1954 addi
1009 1899 1120 1974 potest
1141 1913 1185 1954 ex
1206 1913 1276 1974 cap.
1295 1907 1345 1953 20.
1377 1890 1463 1952 Nam

200 2017 298 2079 capp.
325 2014 363 2078 19
384 2005 417 2060 et
441 2015 490 2074 20,
525 2007 560 2060 ut
592 2017 642 2059 res
670 1998 789 2059 docent
818 1997 1042 2074 coniungenda
1074 2006 1149 2060 sunt
1178 2017 1252 2060 curn
1282 1998 1345 2070 eis,
1379 2015 1463 2076 quae

201 2103 415 2186 praecedunt3
439 2101 497 2164 sed
513 2101 568 2181 qui
591 2098 728 2164 formam
751 2102 909 2184 respiciet,
932 2100 1055 2164 videbit
1076 2103 1118 2165 ab
1133 2101 1307 2165 Athenaeo
1330 2121 1369 2164 ea
1391 2119 1464 2162 esse

201 2207 385 2289 composita
407 2227 451 2269 ex
473 2207 694 2268 diversissimis
716 2209 839 2288 pannis.
882 2207 995 2288 Atque
1017 2209 1158 2289 primum
1180 2209 1379 2270 enuntiatum
1402 2205 1464 2268 Se-

201 2313 348 2377 leuceam
370 2310 494 2394 profert
508 2312 698 2386 doctrinam,
723 2315 812 2394 quod
827 2321 964 2394 apparet
986 2333 1029 2375 ex
1052 2312 1125 2376 loco
1141 2313 1171 2375 11
1193 2334 1224 2395 p.
1240 2331 1310 2390 40c
1332 2312 1461 2375 collato.

202 2417 356 2482 Ceterum
390 2438 416 2481 c.
448 2433 490 2480 20
522 2416 587 2480 fere
620 2427 727 2479 totum
761 2438 804 2480 ex
833 2419 1031 2481 Dioscuridis
1039 2419 1062 2498 ¹)
1090 2418 1172 2480 libro
1203 2417 1283 2502 περὶ
1311 2420 1369 2483 τοῦ
1397 2417 1463 2480 τῶν

202 2515 318 2608 ἡρώων
346 2515 427 2586 καθ’
461 2516 608 2608 Ὅμηρον
629 2519 706 2606 βίον
740 2524 912 2604 repetitum
944 2543 1016 2586 esse
1048 2524 1112 2587 iam
1135 2524 1294 2586 Brunkius
1317 2523 1462 2602 (Dissert.

203 2627 387 2710 Gryphisw.
415 2629 505 2707 1887,
528 2648 561 2709 p.
586 2628 640 2710 28)
663 2629 813 2691 ostendit.
859 2628 979 2692 Confer
1000 2630 1101 2692 enim:
1125 2625 1323 2708 ἐκαθέζοντο
1347 2623 1464 2692 δὲκαὶ

203 2733 411 2810 δειπνοῦντες
441 2727 473 2797 oi
504 2725 576 2798 τότε
606 2763 649 2786 =
670 2734 685 2795 Ι
707 2754 734 2796 c.
759 2749 801 2796 20
822 2734 888 2800 init.
920 2728 953 2799 oi
977 2731 1015 2800 δὲ
1044 2734 1200 2819 κρατῆρας
1225 2724 1338 2810 αὐτοῖς
1360 2785 1368 2799 .
1393 2781 1400 2796 .
1421 2761 1463 2784 =

203 2840 219 2902 Ι
250 2861 282 2921 p.
312 2838 399 2918 13ef
430 2835 615 2922 προέπινον
653 2833 685 2902 d'
726 2833 884 2924 ἀλλήλοις
912 2869 955 2893 =
983 2839 998 2900 1
1028 2859 1059 2920 p.
1087 2839 1148 2918 13f
1184 2831 1302 2916 ὁσάκις
1337 2836 1375 2902 δὲ
1406 2835 1463 2901 καὶ

202 2937 330 3032 τροφὰς
353 2939 538 3026 ἐλάμβανον
558 2973 601 2996 =
624 2943 638 3004 l
661 2964 692 3024 p⁴
722 2943 787 3006 11b
817 2936 1075 3028 ἀπαλλαγέντων
1097 2943 1135 3008 δὲ
1156 2946 1221 3009 τῶν
1244 2937 1465 3009 δειπνούντων

203 3045 241 3114 αὶ
264 3046 426 3133 τράπεζαι
449 3042 667 3133 ἐβαστάζοντο
688 3078 731 3102 =
753 3049 767 3111 Ι
790 3069 821 3130 p.
851 3064 924 3111 12a.

227 3181 231 3190 ·
290 3155 428 3217 Restant
451 3155 656 3234 quaestiones
677 3155 717 3216 de
738 3153 904 3216 vocabulis
926 3144 1057 3236 θρόνος,
1080 3156 1212 3239 θρῆνυς,
1241 3147 1390 3235 κλισμός,
1415 3151 1465 3216 δι’·

204 3281 297 3346 φρος,
327 3259 368 3321 de
397 3279 449 3320 vv.
474 3258 494 3324 d
519 3273 534 3338 5
541 3259 653 3339 5-,56,
685 3260 726 3322 de
755 3259 884 3322 aedium
914 3257 1208 3339 significationibus
1252 3259 1322 3322 Has
1351 3277 1465 3321 omnes
1503 3332 1505 3334 Ι

203 3364 309 3427 eidem
324 3363 505 3428 Dioscuridi
528 3364 713 3427 tribuendas
736 3385 807 3428 esse
829 3363 955 3445 putavit
969 3362 1130 3426 Weberus
1152 3364 1244 3446 (Lpz.
1261 3363 1352 3427 Stud.
1373 3363 1464 3444 1888)

203 3477 240 3532 et
260 3467 396 3532 fortasse
424 3478 510 3532 recte
541 3468 631 3545 fecit,
666 3471 755 3549 quod
777 3471 891 3532 attinet
919 3468 961 3530 ad
983 3468 1121 3549 primam
1144 3478 1177 3532 et
1198 3470 1335 3532 tertiam.
1380 3468 1465 3530 Nam

204 3573 267 3636 hae
290 3574 451 3655 pertinent
472 3575 513 3638 ad
543 3574 678 3636 heroum
702 3574 801 3636 vitam
826 3573 1056 3636 illustrandam.
1101 3572 1167 3636 Sed
1188 3575 1229 3636 de
1250 3574 1358 3637 ,altera
1380 3573 1464 3634 idem

205 3679 268 3742 dici
291 3700 356 3741 non
378 3688 495 3760 potest.
541 3679 633 3742 Mera
655 3687 704 3741 est
726 3677 834 3741 critica
856 3679 1040 3742 observatio
1062 3678 1223 3742 simillima
1245 3681 1300 3754 eia,
1330 3699 1410 3758 quas
1434 3679 1465 3738 in

203 3889 266 3939 nino
293 3895 352 3955 post
379 3888 413 3938 11.
439 3903 504 3937 saec.
531 3888 584 3952 ipse
614 3895 747 3952 usurpatus
776 3904 831 3938 esse
860 3888 967 3939 videtur.
1010 3889 1051 3938 Ne
1076 3889 1218 3938 Zenobium
1244 3889 1349 3954 quidem
1375 3889 1464 3938 habuit

204 3978 360 4028 Athenaeus.
396 3976 481 4039 Quare
503 3976 608 4026 fortasse
632 3975 687 4041 ipsa
712 3975 773 4026 adiit
794 3976 892 4027 scholia
909 3977 1022 4027 Platonis
1044 3977 1307 4042 paroemiographiea,
1333 3993 1398 4042 quae
1416 3977 1466 4026 iam

206 4066 233 4120 in
262 4067 297 4122 11.
320 4064 421 4115 saeculo
448 4063 588 4129 composita
617 4079 671 4114 esse
700 4064 808 4114 coniecit
832 4065 862 4115 L.
886 4065 960 4115 Cohn
988 4065 1014 4113 in
1040 4065 1163 4114 Fleckeis.
1193 4065 1278 4115 annal.
1313 4065 1402 4131 Suppl.
1426 4077 1465 4128 13,

204 4171 231 4220 p.
253 4153 311 4219 852.

290 4240 313 4307 ι)
332 4241 415 4292 Venia
426 4241 458 4292 ait
475 4242 573 4291 nomini
584 4241 750 4302 Dioscuridis,
770 4257 852 4306 neque
871 4242 939 4292 enim
957 4242 1009 4306 ipse
1021 4241 1076 4290 iuro
1095 4242 1121 4290 in
1137 4243 1186 4290 hoc
1204 4259 1307 4300 nomen,
1327 4241 1372 4290 sed
1390 4241 1467 4306 plane

204 4330 329 4380 assentior
348 4329 476 4394 Knibelio,
497 4330 541 4396 qui
559 4329 670 4380 dilucide
687 4346 740 4380 rem
759 4330 875 4394 exposuit
892 4331 918 4379 in
937 4330 1025 4382 Herm.
1046 4342 1078 4378 22
1097 4347 1123 4395 p.
1144 4344 1195 4394 324
1207 4346 1244 4396 sq.
