3250 4980
715 311 925 375 -so—

189 469 281 548 Wil]
310 463 349 534 τὸ
378 463 428 551 (τὸ
459 488 523 535 om.
554 468 607 546 R.)
640 461 804 549 Περσικὸν
835 456 996 546 ῦκλασμα.
1041 464 1150 530 Schol.
1179 465 1218 533 R.
1258 467 1336 530 Hes.
1368 486 1393 534 s,
1417 487 1449 530 v.

189 571 349 659 Περσικά.

129 674 180 740 73·
276 679 448 756 Σέλευκος·
481 675 596 762 μορίαι
626 679 682 761 τῆς
698 666 844 758 Ἀθηνᾶς
874 673 961 758 ἱεραί
992 673 1113 741 ἐλαῖαι.
1152 676 1205 740 Et.
1231 697 1274 739 m.
1300 690 1371 757 590,
1396 693 1450 753 44.

191 785 275 850 Gud.
301 786 370 864 398.
395 800 444 862 24.
490 782 577 864 Quid
605 783 778 844 adduxerit
810 780 981 844 Seleucum
1011 783 1053 844 ad
1085 781 1168 844 hanc
1198 781 1451 862 explicationem

190 892 408 972 comperimus
423 911 465 952 ex
481 888 580 954 schol.
596 888 696 951 Arist.
712 887 796 953 Nub.
818 901 914 965 1co5:
939 884 974 950 αῖ
1000 883 1086 969 ῖεραί
1103 882 1216 949 ἐλαῖαι
1231 888 1289 971 τῆς
1302 876 1452 968 Ἀθηνᾶς

191 994 226 1060 ἐν
246 999 285 1084 τῇ
308 987 490 1078 ἀκροπόλει
512 991 629 1076 μορίαι
652 989 838 1056 ἐκαλοῦντο.
872 989 1003 1075 λέγουσι
1027 985 1089 1075 γὰρ
1111 984 1162 1055 ὅτι
1177 982 1400 1074 Ἁλιρρόθιος,
1431 983 1451 1054 ὁ

190 1104 273 1179 παῖς
295 1100 514 1179 Ποσειδῶνος,
537 1097 698 1183 ἠθέλησεν
721 1091 867 1181 ἐκκόψαι
889 1087 990 1174 αῦτάς
1012 1091 1128 1162 διὰτὸ
1150 1099 1207 1182 τῆς
1228 1093 1343 1174 ἐλαίας
1363 1087 1451 1179 εῦρε-

164 1203 309 1291 [θείσης
346 1207 503 1290 κριθῆναι
540 1207 597 1291 τῆς
626 1195 774 1288 Ἀθηνᾶς
809 1197 866 1286 τήν
901 1195 1011 1268 πόλιν.
1061 1194 1079 1267 ὁ
1117 1200 1155 1268 δὲ
1192 1194 1361 1278 ἀνατείνας
1395 1197 1452 1266 τὸν

189 1310 329 1376 πέλεκυν
357 1309 415 1375 καί
443 1303 561 1393 ταύτης
589 1301 764 1388 ἀποτυχιῦν
794 1302 933 1391 ἐπληξεν
963 1295 1077 1373 ἑαυτόν
1106 1306 1164 1372 καί
1197 1298 1357 1370 ἀπέθανε.
1391 1303 1449 1369 καί

190 1412 248 1483 διὰ
269 1420 365 1482 τοῦτο
386 1411 502 1498 μορίαι
526 1408 561 1476 αῖ
586 1409 695 1477 ἐλαῖαι
722 1407 770 1492 (αῖ
795 1433 860 1480 om.
884 1414 969 1492 cod.)
993 1406 1193 1498 ἐκλήθησαν.
1221 1412 1261 1480 R.
1302 1411 1449 1474 Eandem

190 1521 331 1584 fabulam
360 1523 413 1584 Et.
437 1541 480 1586 m.
511 1519 531 1585 1.
554 1539 582 1580 c.
612 1516 745 1599 profert,
776 1518 834 1579 sed
864 1518 916 1592 ita,
947 1527 984 1580 ut
1013 1519 1184 1580 misceatur
1212 1537 1287 1580 cum
1317 1517 1378 1580 alia
1407 1517 1449 1578 de
1511 1533 1513 1535 ·

189 1627 399 1690 Halirrhothii
432 1633 538 1688 morte
575 1621 699 1697 fabula,
737 1643 822 1703 quae
852 1631 944 1685 extat
975 1624 1061 1704 apud
1093 1623 1250 1704 Apollod.
1284 1641 1311 1704 3.
1340 1640 1386 1702 14.
1418 1641 1447 1687 2.

190 1733 329 1795 Zenonis
356 1731 514 1794 sententia
535 1737 628 1792 extat
649 1727 702 1792 Et.
726 1748 766 1790 nr.
789 1727 808 1794 l.
832 1747 877 1791 c.:
914 1727 1027 1808 Ζήνων
1048 1725 1086 1791 δὲ
1109 1719 1126 1793 ὁ
1149 1723 1308 1806 Μύνδιος,
1340 1720 1392 1794 ὅτι
1411 1721 1450 1794 τό

189 1831 287 1922 βρύον
308 1837 374 1900 τῶν
396 1831 516 1900 ἐλαιῶν
537 1827 674 1898 ἐκάλουν
693 1825 811 1916 μόρον·
836 1827 931 1897 ἐνθεν
950 1828 985 1896 ai
1011 1824 1175 1898 ἀνθοῦσαι
1200 1827 1312 1898 ἐλαῖαι
1334 1831 1449 1916 μορίαι

193 1940 351 2025 ἐλέγοντο.

650 2059 747 2158 Περί
771 2063 989 2162 φιλοσοφίας.

130 2249 181 2315 74.
283 2233 442 2313 Σέλευκος
474 2233 588 2317 μέντοι
619 2231 722 2320 φησὶν
755 2226 773 2298 ὃ
806 2227 1032 2316 γραμματικὸς
1062 2229 1221 2316 Κρότωνά
1255 2257 1329 2297 τινα
1363 2227 1451 2298 ioru-

191 2345 259 2428 ρεῖν
287 2338 322 2406 ἐν
342 2342 388 2427 τῷ
409 2341 695 2424 Κατακολυμβητῇ
724 2333 881 2424 Κράτητά
910 2362 984 2402 τινα
1006 2342 1137 2422 πρῶτον
1159 2335 1206 2416 είς
1227 2337 1283 2424 τήν
1307 2330 1450 2403 Ἑλλάδα

191 2445 329 2528 κομίσαι
357 2441 395 2511 τὸ
426 2443 560 2530 βιβλίον
591 2445 670 2527 (scil.
699 2443 882 2525 Heracliti),
916 2431 954 2508 ῦν
984 2442 1041 2508 καί
1071 2439 1179 2508 εἰπεῖν
1208 2441 1336 2528 Δηλίου
1364 2436 1452 2520 τινὸς

191 2552 329 2616 δεῖσθαι
352 2551 569 2634 κολυμβητοῦ,
596 2538 634 2628 ῦς
657 2544 716 2615 οῦκ
739 2544 1003 2633 ἀποπνιγήσεται
1027 2547 1061 2614 ἐν
1083 2545 1180 2634 αῦτηῖ.
1218 2549 1326 2612 Laert.
1350 2548 1448 2628 Diog.

190 2656 238 2718 IX
263 2673 288 2718 1.
313 2671 342 2734 7.
383 2654 496 2718 Verba
528 2643 565 2721 ‘dv
595 2653 654 2720 καί
687 2651 795 2719 εἰπεῖν
829 2648 895 2718 κτῦ.
929 2655 979 2716 hic
1012 2655 1173 2735 pertinent
1203 2655 1245 2717 ad
1274 2653 1449 2718 Cratetem.

191 2760 257 2823 Sed
280 2759 343 2822 alio
365 2760 438 2824 loco
459 2761 607 2824 dicuntur
629 2760 744 2823 eadem
766 2759 808 2820 de
831 2757 966 2822 Socrate
988 2759 1032 2840 (II
1056 2773 1082 2838 5.
1104 2761 1152 2842 7):
1187 2757 1274 2844 φασί
1295 2757 1333 2824 δὲ
1355 2749 1450 2843 Εῦρι-

191 2863 295 2951 πίῦην
323 2856 412 2951 αῦτῷ
440 2866 518 2946 (scil.
550 2864 685 2946 Socrati)
718 2857 817 2928 δόντα
845 2857 884 2928 τὸ
915 2858 964 2943 (τὸ
994 2885 1059 2928 orn.
1090 2865 1162 2930 cod.
1193 2863 1359 2945 Cantabr.)
1391 2866 1451 2930 τοῦ

187 2963 402 3054 Ἡρακλείτου
431 2963 626 3054 σύγγραμμα
656 2964 709 3049 (τὰ
737 2970 796 3033 τοῦ
825 2960 1018 3054 ήρακλείτοο
1047 2963 1284 3052 συγγράμματα
1306 2969 1447 3036 Vindob.

196 3078 266 3158 106)
291 3073 430 3160 ἐρέσθαι
458 3073 508 3138 »τί
539 3075 667 3152 δοκεῖ«;
702 3069 757 3138 τὸν
781 3073 818 3138 δέ
840 3067 960 3158 ηυίναι·
993 3062 1036 3138 »ἀ
1054 3072 1115 3154 μὲν
1137 3076 1268 3157 συνῦγια,
1299 3076 1450 3160 γενναῖα·

191 3173 287 3264 οἶμαι
311 3179 348 3245 δέ
371 3179 429 3244 καί
451 3169 474 3244 ῦί
495 3179 540 3265 μὴ
565 3180 700 3264 συνῆκα·
732 3177 818 3262 πλὴν
839 3176 965 3264 Δηλίου
996 3175 1125 3262 (δολίου
1148 3179 1290 3244 Vindob.
1318 3180 1390 3260 106)
1414 3180 1451 3262 γέ

189 3309 278 3364 τινος
299 3279 407 3350 δεῖται
429 3283 664 3368 κολυμβητυῦι.
695 3285 803 3346 Priore
826 3285 899 3347 loco
922 3284 1021 3346 verba
1043 3272 1081 3349 ὃν
1102 3282 1159 3348 καὶ
1182 3279 1290 3349 εἰπεῖν
1313 3279 1376 3352 κτέ.
1405 3285 1450 3346 in·

190 3401 277 3454 serta
299 3411 369 3452 esse
392 3410 435 3452 ex
456 3388 558 3451 altero
581 3390 747 3452 contendit
760 3389 924 3452 Nauckius
941 3389 1064 3472 (Herm.
1088 3405 1129 3466 24
1151 3411 1182 3472 p.
1198 3391 1261 3468 458
1277 3391 1351 3471 sq,).
1384 3388 1451 3451 Sed

190 3505 326 3578 apparet
356 3497 387 3557 in
417 3495 499 3557 libro
529 3495 583 3574 qui
613 3494 793 3557 inscribitur
821 3491 1119 3580 κατακολυμβητής,
1148 3494 1226 3557 illud
1257 3494 1380 3557 dictum
1409 3495 1450 3556 de

191 3602 351 3665 urinatore
373 3601 456 3662 bene
487 3600 594 3662 locum
615 3600 745 3665 habere.
787 3600 913 3662 Deinde
935 3601 1033 3662 etiarn
1056 3600 1148 3681 plura
1168 3609 1283 3662 extant
1309 3601 1341 3662 in
1364 3620 1450 3662 nono

192 3708 274 3771 libro
297 3726 396 3786 quarn
427 3705 458 3767 in
480 3705 583 3768 altero
612 3705 693 3768 haec
716 3705 831 3767 verba:
869 3693 906 3782 ῦς
928 3698 987 3770 οῦκ
1011 3695 1276 3790 ἀποπνιγήσεται
1299 3702 1333 3770 ἒν
1354 3697 1451 3790 αῦτηῖ.

132 3875 133 3880 ,
190 3813 281 3893 Ergo
303 3810 547 3874 concedendurn
577 3820 626 3873 est
654 3811 740 3873 idern
772 3811 892 3873 dictum
921 3810 1075 3872 traditum
1097 3830 1168 3872 esse
1190 3819 1223 3872 et
1252 3819 1288 3873 ut
1309 3809 1451 3873 Socratis

192 3928 224 3981 et
246 3926 282 3980 ut
298 3915 445 3980 Cratetis.
478 3915 551 3978 Hoc
572 3925 607 3979 ut
628 3915 787 3997 significet
805 3916 984 3988 discrimen,
1009 3917 1174 3996 utriusque
1196 3915 1324 3978 additur
1339 3924 1453 4005 auctor

193 4022 316 4106 (Aristo
340 4030 373 4084 et
394 4019 571 4100 Seleucus).
617 4019 710 4101 Quae
739 4043 814 4084 cum
844 4021 887 4082 ita
917 4021 980 4082 sint
1008 4029 1214 4102 comparata,
1245 4022 1343 4084 etiam
1373 4041 1452 4084 con·

192 4130 315 4190 iectura
329 4126 473 4202 Nauckii,
497 4127 551 4207 qui
573 4147 634 4209 pro
649 4124 776 4211 Δηλίου
798 4127 892 4189 scribi
914 4125 983 4188 vult
1005 4125 1122 4202 δεινοῦ,
1144 4147 1222 4190 vera
1243 4147 1315 4190 esse
1330 4127 1452 4208 nequit.

192 4233 360 4296 Traditam
390 4231 563 4296 lectionem
592 4231 735 4296 defendit
759 4231 799 4296 O.
824 4231 954 4296 Crusius
974 4231 1087 4298 Philol.
1109 4246 1151 4312 47
1174 4252 1204 4312 p.
1228 4233 1299 4311 383,
1330 4233 1388 4296 sed
1416 4241 1453 4295 ut
