3250 4980
707 363 895 428 ,5-

254 518 324 581 lam
347 538 387 582 ea
416 518 641 600 perquiramus
670 519 798 601 scripta,
829 538 914 598 quae
936 517 1159 582 Alexandrino
1188 520 1277 583 dedit
1299 519 1424 584 Suidas.

167 624 281 704 Atque
304 625 335 686 in
357 625 541 687 universum
563 625 605 687 de
627 624 672 686 eis
688 623 807 687 Suidae
828 623 1025 687 credendum
1047 645 1118 689 esso
1134 625 1268 688 videtur.
1301 625 1425 689 Dubito

165 737 294 794 tantum
309 728 350 791 de
367 738 498 792 centum
514 728 601 792 libris
623 727 701 812 περὶ
716 731 813 794 θεῶν.
849 727 946 791 Cuius
961 729 1068 810 operis
1084 739 1197 794 auctor
1211 729 1339 793 videtur
1354 745 1426 796 esse

166 833 253 896 idem
270 844 368 913 atque
392 834 417 896 is
434 835 488 915 qui
502 835 589 916 apud
603 833 817 916 Porphyrium
833 833 970 897 occurrit
986 834 1048 914 (De
1064 835 1179 899 abstin.
1195 835 1226 898 II
1247 834 1268 899 d
1284 849 1299 914 5
1305 838 1335 916 5)
1355 837 1425 900 τοῦ·

166 961 224 1004 σον
250 938 287 1003 δὲ
308 935 365 1004 τὸν
385 934 511 1021 θεσμὸν
533 939 611 1020 (scil.
636 929 935 1024 ἆνθρωποθυσίαν)
957 937 1104 1028 Δίφιλος
1114 942 1138 1022 ¹)
1168 931 1264 1026 ὁτῆς
1289 933 1425 1022 Κύπρου

165 1038 323 1128 βασιλεὺς
351 1041 508 1110 κατέλυσε
538 1038 623 1108 κατὰ
645 1035 721 1122 σούς
742 1038 900 1110 Σελεύκου
922 1042 1056 1128 χρόνους
1077 1047 1135 1111 τοῦ
1154 1038 1316 1129 θεολόγον
1338 1039 1426 1128 γενό-

164 1171 270 1232 μενος,
299 1145 338 1215 τὸ
359 1143 440 1228 ἔθος
468 1145 516 1228 εἷς
542 1146 727 1234 βουθυσίαν
754 1143 968 1236 μεταστήσας.
1013 1150 1139 1213 Tamen
1161 1150 1425 1212 Wilamowitzius

168 1274 221 1317 me
244 1256 378 1329 monuit,
402 1275 442 1318 ne
458 1255 550 1317 nimis
572 1254 621 1316 his
637 1254 743 1316 verbis
765 1255 939 1318 crederem.
973 1255 1057 1318 Nam
1081 1254 1134 1318 ille
1150 1257 1205 1336 qui
1227 1276 1266 1318 ea
1288 1256 1424 1336 scripsit,

166 1359 294 1441 putavit
323 1360 491 1424 Seleucum
520 1358 711 1441 theologum
745 1360 995 1423 vetustissimum
1029 1381 1101 1423 esse
1134 1361 1335 1443 scriptorem.
1379 1359 1427 1421 At

166 1473 279 1527 tamen
301 1465 356 1526 vix
377 1465 527 1528 credibile
549 1472 600 1528 est
614 1485 688 1527 eum
711 1467 920 1528 vetustiorem
943 1464 1039 1528 fuisse
1062 1486 1139 1547 rege
1155 1465 1301 1530 Seleuco.
1335 1465 1426 1547 Ergo

167 1589 230 1652 pro
253 1578 342 1632 certo
372 1570 432 1634 dici
464 1571 591 1653 nequit,
624 1579 730 1633 utrum
760 1572 845 1634 idern
872 1571 914 1634 sit
936 1571 1129 1634 Homericus
1152 1570 1306 1636 Seleucus
1327 1579 1426 1654 atque

166 1675 343 1756 theologus
358 1695 467 1738 necne.
503 1674 601 1738 Solus
614 1675 705 1738 testis
727 1685 777 1738 est
793 1674 917 1751 Suidas,
940 1677 991 1739 cui
1008 1677 1034 1740 si
1057 1679 1148 1740 dere
1171 1677 1241 1758 ipsa
1257 1675 1425 1747 credimus,

166 1800 245 1844 sane
268 1801 407 1863 magnus
429 1801 580 1844 numerus
602 1779 756 1844 librorum
779 1781 810 1842 in
832 1781 1048 1864 suspicionem
1071 1783 1236 1846 vocandus
1258 1784 1350 1862 est2).

254 1886 352 1950 Falsa
373 1885 635 1969 interpretatione
665 1895 784 1949 vexata
813 1895 888 1949 sunt
908 1885 1027 1950 Suidae
1055 1887 1154 1950 verba
1184 1881 1358 1971 ἓξηγητικὰ
1380 1881 1428 1964 οἱς

166 1985 278 2056 πάντα
294 1983 339 2070 ὡς
359 1987 467 2058 εἰπεῖν
490 1985 638 2080 ποιητήν.
668 1991 753 2054 Nam
776 1991 825 2054 La
840 1990 982 2055 Rochius
1003 1991 1114 2072 (Hom.
1138 1992 1299 2054 Textkrit.
1323 2013 1355 2074 p.
1373 1992 1434 2072 86)‘

169 2097 266 2160 vertit
293 2119 489 2178 ›sozusagen
514 2117 588 2160 zum
610 2117 735 2178 ganzen
756 2097 910 2160 Homer«.
955 2095 1020 2160 Sed
1051 2099 1122 2180 ipsa
1144 2097 1355 2179 grammatica
1376 2116 1429 2159 re-

167 2200 295 2266 fellitur.
340 2199 499 2265 Nimirum
517 2203 641 2283 ,posuit
671 2201 786 2266 Suidas
816 2202 898 2266 haec
929 2202 1037 2277 verba,
1070 2223 1110 2266 ne
1143 2202 1269 2284 singula
1297 2203 1428 2265 nomina

167 2306 374 2370 describeret.

255 2413 312 2474 Eis
342 2433 425 2492 quae
448 2411 562 2475 Suidas
591 2423 759 2474 enumerat
789 2411 914 2476 Seleuci
944 2415 1070 2494 scriptis
1100 2433 1160 2475 sex
1189 2413 1251 2474 alia
1280 2413 1429 2475 addenda

167 2537 244 2580 esse
266 2519 422 2581 videntur.
455 2519 596 2581 Primum
619 2520 704 2580 enim
725 2511 904 2602 ὑπόμνημα
923 2519 987 2582 τῶν
1012 2510 1160 2596 Σόλωνος
1182 2509 1316 2603 ἀξόνων,
1340 2519 1429 2600 quod

167 2622 309 2687 Seleuco
339 2623 491 2687 adscribit
512 2623 604 2687 Phot.
628 2644 653 2686 s.
677 2644 707 2686 v.
738 2619 892 2714 ῥργυῶνος
921 2643 986 2686 σοσ
1012 2624 1224 2686 dubitandum
1254 2632 1320 2698 est,
1352 2625 1428 2704 quin

167 2730 314 2792 eiusdem
336 2731 386 2792 sit.
430 2728 525 2792 Alter
547 2729 635 2804 liber,
667 2749 765 2811 quem
788 2732 865 2809 quin
887 2730 992 2804 eidem
1014 2727 1233 2804 attribuamus,
1269 2726 1344 2790 nihil
1366 2729 1428 2790 im·
1484 2765 1485 2768 =

168 2836 269 2916 pedit,
304 2843 354 2897 est
383 2833 463 2897 liber
493 2832 571 2918 περὶ
601 2831 816 2922 φιλοσοφίας,
850 2835 903 2915 qui
932 2835 1019 2916 apud
1047 2833 1214 2897 Laertium
1245 2833 1427 2914 Diogenem

168 2941 297 3003 duobus
336 2940 415 3003 locis
447 2939 602 3014 laudatur,
646 2941 689 3002 ita
725 2949 760 3002 ut
796 2938 950 3002 Seleucus
982 2939 1212 3021 grammaticus
1246 2939 1429 3000 nominetur

167 3055 291 3108 auctor.
336 3045 461 3108 Deinde
485 3045 564 3106 liber
585 3043 664 3130 περὶ
682 3036 906 3130 Ἑλληνισμοῦ,
938 3045 993 3124 qui
1015 3045 1143 3107 duobus
1165 3044 1327 3107 Athenaei
1349 3043 1428 3107 locis

167 3151 293 3226 citatur,
329 3152 360 3213 in
391 3149 484 3212 huius
513 3147 638 3212 Seleuci
671 3149 798 3231 scriptis
827 3149 994 3211 habendus
1025 3159 1084 3215 est.
1132 3149 1280 3228 Denique
1310 3147 1427 3211 librum

168 3254 248 3340 περὶ
279 3253 363 3338 βίων
392 3254 518 3318 Seleuci
551 3255 681 3318 nomine
709 3255 862 3336 apposito
895 3254 1004 3317 laudat
1034 3255 1249 3337 Harpocratio
1283 3268 1350 3334 137,
1379 3271 1434 3332 14..

169 3361 246 3424 Post
269 3347 474 3424 enumeratos
496 3359 621 3423 Seleuci
651 3361 749 3422 libros
771 3369 948 3440 sequuntur
968 3361 1056 3441 apud
1078 3359 1227 3423 Suidam:
1261 3359 1319 3424 καὶ
1342 3349 1427 3424 litia

167 3462 346 3550 σύμμικτα,
375 3485 459 3546 quae
481 3466 580 3528 verba
610 3485 675 3528 non
697 3474 774 3546 apta
796 3485 867 3530 esse
893 3466 1050 3546 videntur,
1079 3466 1233 3548 quoniam
1255 3459 1428 3548 Σύμμικτα

169 3593 281 3637 revera
303 3573 431 3652 titulum
448 3571 518 3633 libri
540 3591 560 3632 a
574 3569 712 3634 Seleuco
735 3571 844 3653 scripti
866 3569 962 3633 luisse
979 3579 1115 3652 apparet
1136 3589 1180 3634 ex
1195 3570 1296 3634 schol.
1313 3570 1425 3652 Apoll.

168 3677 276 3740 Rhod.
299 3676 329 3739 11
352 3676 373 3741 d
398 3691 477 3756 1052
502 3675 550 3758 (fr.
572 3679 636 3758 77).
680 3673 790 3756 Quare
819 3696 929 3739 verum
960 3695 1031 3739 esse
1062 3683 1143 3757 puto
1172 3669 1339 3757 σύμμικσα
1368 3674 1426 3740 καὶ

166 3773 266 3863 ἄλλα,
290 3782 378 3864 quod
401 3781 596 3844 Schmidtius
619 3780 742 3863 profert
764 3783 795 3844 in
817 3780 929 3844 Philol.
953 3795 990 3859 71
1017 3800 1049 3862 p.
1072 3794 1145 3860 799.

257 4040 278 4105 ι)
297 4040 430 4106 Diphilum
448 4057 535 4106 regem
553 4040 614 4091 alibi
631 4056 684 4089 non
702 4041 808 4105 repperi.
871 4102 875 4108 1

255 4127 278 4194 2)
298 4129 337 4179 Cf.
352 4131 445 4188 Daub„
466 4131 539 4181 stud.
552 4148 583 4180 zu
595 4130 622 4179 d.
634 4129 721 4193 Biogr.
734 4128 760 4178 d.
773 4128 863 4179 Suidas
881 4147 907 4195 p.
921 4141 977 4192 119.
1002 4129 1120 4177 Perversa
1137 4134 1175 4176 est
1187 4138 1291 4193 propter
1308 4143 1337 4176 ea
1349 4129 1427 4178 verbe

165 4234 234 4285 quae
257 4224 397 4282 sequuntur
417 4219 515 4268 Flachii
539 4220 684 4270 coniectura
705 4216 732 4282 (l.
753 4217 785 4280 c.)
805 4217 909 4267 fortasse
934 4217 1000 4266 hunc
1024 4231 1155 4267 numerum
1178 4216 1212 4263 ad
1236 4231 1324 4264 omnes
1348 4217 1428 4266 libros

165 4306 268 4356 Seleuci
286 4321 339 4356 esse
356 4305 523 4358 referendum.
