3250 4980
663 346 877 411 ,25-

134 499 284 566 alterum.
327 499 433 562 Immo
454 521 532 563 vero
554 509 664 582 potest
693 501 905 564 demonstrari
934 502 1005 566 libri
1027 501 1127 584 quinti
1150 511 1248 584 caput
1274 520 1312 584 19
1331 524 1396 566 non

136 606 243 667 minus
256 625 363 685 -quam
389 615 487 687 caput
509 621 551 668 20
573 606 790 688 compositum
813 627 884 669 esse
906 608 948 670 ab
963 607 1137 670 Athenaeo
1160 629 1203 670 ex
1225 609 1397 672 diversissi-

135 711 198 772 mis
229 711 352 792 pannis.
399 710 485 772 Nam
508 711 618 774 'verba
650 709 709 776 καί
743 705 777 776 oi
808 709 1042 798 δειπνήσαντες
1075 705 1257 779 όπελόοντο
1291 709 1398 796 φωτὸς

134 809 229 893 ὄντος
250 817 386 896 repetita
407 824 481 878 sunt
503 836 546 877 ex
567 837 598 897 p.
627 834 727 896 191e:
762 812 797 880 ἐν
819 815 857 882 δὲ
878 821 953 895 ταῖς
972 821 1036 884 τῶν
1058 821 1147 884 θεῶν
1169 816 1299 902 ἑορταῖς
1322 809 1394 884 τόδ’

134 914 231 986 ὅσιον
252 911 339 986 εἶναι
362 921 454 987 δοκεῖ
476 918 585 984 πλείω
599 914 715 1004 χρόνον
735 918 939 1004 παραμένειν
960 925 1018 1006 (sc.
1041 944 1139 1006 super
1159 925 1369 1004 vesperum).
1389 975 1394 986 .

134 1023 197 1090 καὶ
212 1026 267 1090 νόν
281 1024 320 1110 δὴ
334 1019 432 1107 νόμος
446 1022 484 1090 ἐκ
497 1027 625 1090 δυσιιόν
638 1049 736 1090 τινων
751 1020 817 1110 πρὸ
833 1017 928 1112 ἡλίου
946 1026 1097 1108 δόνοντος
1118 1022 1266 1095 ἀπιέναι.
1299 1030 1396 1091 Dein·

135 1151 215 1213 ceps
239 1155 268 1212 p.
295 1133 383 1212 192d
414 1123 496 1213 ὅπερ
519 1133 574 1211 (sc.
598 1131 779 1195 Phaeacum
801 1133 995 1212 convivium)
1017 1131 1215 1218 συμβάλλων
1239 1157 1292 1212 τις
1313 1129 1398 1217 πρὸς

133 1233 179 1300 τὰ
205 1238 270 1301 τῶν
299 1233 494 1323 φιλοσόφων
521 1233 693 1318 συμπόσια
721 1233 942 1321 κοσμιώτερον
971 1230 1012 1302 δν
1041 1233 1131 1322 εὕροι
1162 1237 1274 1306 καίτοι
1302 1243 1396 1306 τοῦτο

135 1340 293 1428 περιέχον
321 1339 380 1406 καί
413 1337 589 1428 ἱλαρότητα
621 1340 679 1406 καί
708 1339 852 1407 παιδιὰν
877 1338 1060 1429 εὐσχήμονα
1090 1345 1220 1408 inventa
1249 1355 1323 1408 sunt
1355 1347 1396 1408 ab

134 1448 311 1510 Athenaeo
341 1469 384 1510 ex
413 1447 565 1509 Herodici
592 1449 731 1525 ratione,
763 1448 852 1510 cuius
885 1449 1046 1512 antecedit
1075 1450 1250 1531 disputatio
1284 1460 1396 1512 contra

135 1552 359 1634 philosophos.
392 1553 429 1614 In
451 1552 540 1614 initio
562 1562 671 1625 autern
697 1553 905 1616 Dioscurides
926 1554 979 1618 ille
999 1563 1189 1636 personatus
1219 1555 1319 1618 latere
1349 1556 1395 1616 vi-

133 1660 232 1722 detur
253 1659 440 1720 coniunctus
462 1677 537 1719 cum
559 1677 599 1718 eo
623 1657 677 1738 qui
706 1678 738 1738 p.
760 1673 851 1736 424e
874 1679 923 1739 sq.
946 1660 1128 1741 composuit
1137 1661 1169 1741 ¹).

223 1763 412 1824 Praesertim
436 1761 499 1824 hoc
522 1761 678 1824 iudicatur
693 1783 743 1838 eo,
767 1766 855 1845 quod
878 1787 907 1844 p.
927 1766 1015 1844 192b
1037 1765 1188 1846 legimus:
1213 1811 1220 1827 .
1244 1816 1250 1830 .
1274 1760 1307 1829 οί
1329 1761 1397 1829 νέοι

83 1917 87 1922 -
134 1869 201 1932 τῶν
234 1864 417 1952 ἐλευθέρων
440 1857 599 1952 ᾠνοχόουν
621 1857 665 1944 ὡς
694 1861 792 1934 ότοό
814 1863 986 1934 Μενελάου
1015 1859 1088 1946 υίός
1116 1867 1227 1933 καίτοι
1256 1867 1398 1952 νυμφίος

134 1966 296 2057 ὑπάρχων
324 1971 382 2036 καί
413 1968 447 2036 ἒν
477 1965 589 2050 αὐτοῖς
616 1975 687 2050 τοῖς
715 1966 842 2058 γάμοις.
892 1968 1017 2054 Quibus
1046 1995 1121 2036 cum
1151 1974 1257 2036 verbis
1288 1972 1397 2036 confer

133 2079 364 2140 Dioscuridem
386 2077 401 2139 1
423 2098 454 2158 p.
477 2077 559 2140 18b:
582 2075 641 2141 καί
655 2072 829 2144 Μενελάου
845 2077 883 2143 δὲ
900 2079 1069 2156 τελοῦντος
1088 2076 1212 2164 χάμσυς
1226 2073 1244 2144 ό
1258 2076 1399 2165 νυμφίος

134 2181 367 2267 Μεγαπένθης
393 2177 544 2262 οἰνοχοεῖ.
588 2182 924 2247 Animadvertendum
947 2194 996 2248 est
1025 2184 1106 2248 falso
1135 2185 1196 2247 dici
1225 2184 1397 2266 utrobique
1469 2224 1472 2226 -

135 2289 391 2370 Megapentlrem
418 2289 449 2350 in
479 2287 596 2368 nuptiis
623 2289 699 2370 ipsis
722 2290 927 2353 oenochoum
957 2289 1062 2352 luisse.
1103 2291 1208 2352 Immo
1230 2309 1308 2351 vero
1335 2288 1398 2350 hoc

136 2413 271 2456 munere
294 2393 435 2474 fungitur
456 2393 543 2473 apud
566 2391 746 2456 Homerum
769 2418 787 2460 ο
815 2412 868 2472 141
902 2389 1050 2482 (ᾠνοχόει
1073 2391 1105 2458 δ’
1131 2389 1203 2472 υίὸς
1225 2389 1397 2458 Μενελάου

135 2495 350 2582 κυδαλίμοιο)
373 2499 404 2561 in
420 2498 475 2562 illo
496 2499 652 2574 convivi0,
677 2501 766 2580 quod
788 2501 914 2581 paravit
928 2500 1095 2564 Menelaus
1116 2509 1191 2562 ante
1207 2498 1395 2560 Telemachi

133 2605 269 2668 abitum.
313 2605 416 2668 Recte
439 2605 576 2686 legimus
597 2604 629 2666 in
651 2603 671 2666 l.
694 2603 726 2666 X
748 2625 779 2685 p.
801 2620 892 2682 424e
914 2626 1043 2668 versum
1067 2621 1160 2682 0141
1187 2605 1329 2667 citatum.

223 2711 348 2774 Deinde
370 2720 403 2773 et
433 2711 463 2772 in
487 2710 600 2790 quinto
629 2708 711 2772 libro
743 2707 811 2792 (καὶ
833 2701 940 2775 τάλλα
962 2711 1000 2776 δὲ
1022 2707 1131 2775 πάντα
1154 2705 1396 2794 παρεσκεύαζον

132 2818 211 2893 τοῖς
240 2816 429 2881 δειπνοῦσιν
446 2808 642 2896 ἐλεύθεροι)
673 2823 706 2876 et
727 2814 741 2875 Ι
764 2835 795 2896 p.
824 2816 891 2878 18b
921 2827 1049 2899 praeter
1079 2818 1266 2880 oenochoos
1297 2817 1393 2878 etiam

133 2923 179 2984 de
215 2920 283 2984 aliis
322 2919 506 2982 muneribus
543 2918 669 2993 dicitur,
715 2928 828 2982 contra
864 2921 896 2982 X
932 2942 962 3003 p.
993 2937 1085 2999 424e
1108 2942 1157 3003 sq.
1195 2932 1320 2985 tantum
1355 2923 1396 2984 de

135 3024 323 3090 oenochois.
445 3096 446 3105 ρ

222 3131 292 3192 Iam
321 3127 398 3191 satis
422 3128 602 3191 ostendisse
631 3129 708 3191 mihi
730 3131 842 3192 videor
871 3131 902 3193 in
930 3141 1002 3194 toto
1026 3133 1132 3214 capite
1159 3150 1197 3214 19
1227 3133 1397 3195 coniuncta

134 3256 209 3300 esse
230 3235 318 3298 varia
340 3232 474 3296 frustula
503 3242 536 3296 et
564 3233 629 3297 sere
659 3255 699 3297 ne
729 3236 760 3297 in
782 3236 909 3300 duobus
939 3239 1071 3320 quidem
1100 3238 1245 3302 versibus
1274 3247 1397 3300 certum

132 3341 233 3406 statui
254 3360 352 3423 posse
372 3359 544 3402 conexum.
588 3339 678 3420 Ergo
701 3338 783 3403 falso
804 3341 949 3423 Bappius
972 3344 1070 3407 verba
1092 3341 1172 3428 περὶ
1195 3341 1232 3408 δὲ
1253 3343 1292 3438 τῇ
1312 3341 1398 3421 καλῇ

132 3449 277 3532 Σαπφοῖ
298 3438 364 3509 κτὲ.
409 3443 547 3506 Seleuco
569 3445 723 3521 attribuit,
747 3447 835 3526 quod
858 3447 962 3528 prima
984 3451 1098 3532 capitis
1121 3449 1220 3512 verba
1238 3449 1305 3511 eius
1328 3468 1398 3510 esse

134 3554 328 3617 viderentur.
801 3547 804 3554 ’

222 3657 339 3720 Eidem
353 3655 479 3719 Seleuci
503 3654 593 3736 operi
608 3656 697 3736 quod
713 3655 765 3718 hic
781 3675 959 3737 agnoscere
981 3658 1040 3720 sibi
1054 3657 1232 3735 videbatur,
1254 3659 1398 3742 Bappius

133 3764 235 3828 etiam
257 3763 277 3825 l.
301 3761 350 3824 IV
373 3783 404 3844 p.
431 3777 465 3842 15
472 3761 520 3841 5d
544 3761 595 3842 (de
610 3759 774 3823 Thracum
797 3763 970 3845 conviviis),
994 3763 1009 3824 I
1032 3783 1064 3844 p.
1082 3764 1153 3826 20d
1177 3763 1229 3847 (de
1243 3764 1398 3844 Bathyllo

132 3868 313 3950 saltatore),
337 3889 368 3949 p.
385 3883 452 3946 240
469 3868 523 3948 (de
536 3865 625 3928 vocis
647 3863 747 3930 δαῖτα
769 3869 993 3950 etymologia),
1014 3868 1045 3930 11
1067 3890 1100 3950 p.
1116 3883 1185 3946 4oc
1207 3869 1399 3933 vindicanda

132 3985 209 4038 ess'e
241 3973 383 4056 putavit,
425 3991 562 4054 quorum
595 3971 725 4057 tertium
761 3972 911 4052 equidem
945 3974 1184 4036 commentariis
1217 3975 1398 4037 Homericis

132 4079 291 4144 dederim.
337 4075 527 4140 Ceterorum
550 4085 700 4138 neutrum
732 4077 968 4156 praesefert,
1001 4099 1066 4161 quo
1097 4079 1278 4154 videamus,
1310 4080 1400 4142 cuius

224 4309 247 4374 ¹)
267 4307 342 4358 Conf.
360 4309 461 4370 Weber,
480 4307 574 4372 Lngr.
596 4306 670 4356 stud.
698 4305 771 4368 1888,
792 4323 817 4371 p.
840 4317 884 4368 171
899 4322 936 4372 sq.
