3250 4980
678 380 970 486 -35··ι

156 549 215 614 115
233 535 284 597 A:
323 527 446 618 ὁμοίως
479 521 534 600 οὖν
566 530 625 613 τὰς
656 537 714 600 τοῦ
744 530 877 618 πρώτου
907 533 964 598 καὶ
995 534 1146 620 δευτέρου
1167 529 1301 617 δέματοί
1328 559 1413 614 τινες

149 638 265 725 ἠξίουν
287 631 372 704 εἶναι
403 638 460 703 καί
484 633 631 718 ἐκδόσεις
652 634 742 718 τινὰς
764 637 1029 724 παρατιθέμενοι
1056 636 1109 719 »τὸ
1131 639 1192 726 τάρ
1220 642 1328 728 σῳωϊι
1355 639 1412 706 σὺν

148 747 200 831 τῷ
230 769 242 808 ι
266 742 412 832 γράφειν,
444 743 520 810 ἐπεὶ
550 743 608 809 καί
638 738 658 832 ἡ
688 747 797 831 σφῶϊν
827 744 977 828 δευτέρου
1008 733 1089 810 οὖσα
1118 742 1298 830 προςώπου
1327 741 1412 809 κατὰ

148 843 246 916 τόνου
269 847 447 933 ἐναλλαγὴν
475 845 513 915 τὸ
534 847 644 934 τρίτον
671 843 828 914 ἀποτελεῖ
855 848 890 914 ἐν
910 853 957 935 τῷ
983 849 1058 915 »καί
1080 853 1190 937 σφωϊν
1212 845 1268 928 δὸς
1290 845 1411 934 ἀγεινι.

149 957 229 1036 Ipse
244 955 441 1037 Apollonius
463 975 536 1017 eam
559 955 730 1017 lectionem
753 956 925 1036 improbat,
949 977 1024 1018 curn
1039 957 1153 1020 addat:
1178 951 1265 1020 ἀλλά
1286 954 1413 1040 μήποτε

149 1057 190 1126 τὸ
213 1057 390 1146 μαρτύριον
411 1055 618 1144 παράλογον·
649 1057 735 1124 ποίοι
758 1055 818 1144 γὰρ
848 1058 906 1124 καὶ
928 1053 1011 1145 ἀλλη
1035 1057 1218 1144 ἀντωνυμία
1247 1055 1341 1126 τόνου
1365 1059 1412 1126 ἒν-

151 1160 281 1253 ἀλλαμῇ
300 1161 479 1249 προςώπου
501 1162 624 1248 γίνεται
638 1163 858 1250 μεταβατική,·
880 1165 1021 1228 Omnino
1038 1169 1134 1248 igitur
1148 1179 1246 1250 negat
1262 1176 1412 1230 accentus

150 1273 337 1334 diversitate
367 1271 517 1350 distingui
545 1291 642 1350 posse
672 1291 827 1352 personas
860 1281 892 1333 et
922 1273 1011 1352 quod
1040 1283 1177 1354 apparet
1210 1274 1273 1336 hoc
1302 1283 1411 1336 tamen

150 1376 324 1449 discrimen
339 1376 535 1438 intercedere
555 1375 636 1438 inter
658 1396 731 1457 gen.
748 1385 789 1439 et.
806 1377 872 1440 dat.
889 1397 1047 1458 personae
1063 1380 1224 1441 secundae
1242 1388 1274 1442 et
1288 1379 1410 1453 tertiae,

150 1483 267 1543 deesse
288 1482 365 1543 dicit
389 1502 443 1543 eas
467 1480 588 1544 formas
611 1483 642 1543 in
665 1483 805 1544 secunda
826 1503 966 1564 persona
981 1482 1164 1564 formasque
1184 1484 1295 1547 tertiae
1312 1485 1411 1546 modo

152 1586 272 1648 relatas
295 1607 366 1648 esse
389 1587 430 1649 ad
453 1588 627 1649 secundam
650 1595 784 1648 accentu
807 1597 941 1650 mutato
976 1586 1024 1651 cf.
1041 1589 1215 1652 Herodian.
1233 1609 1264 1669 p.
1280 1603 1353 1670 475.
1375 1605 1411 1650 12
1465 1579 1469 1586 ⁴

152 1693 293 1772 (Lenta),
318 1693 372 1771 qui
391 1691 568 1754 Aristarchi
592 1691 763 1754 lectionem
786 1693 904 1773 probat
924 1702 957 1755 et
979 1694 1199 1756 Aristonicum
1221 1696 1262 1780 ad
1284 1699 1324 1757 A
1342 1695 1411 1772 336.

152 1803 189 1861 K
214 1798 283 1876 546.
313 1800 357 1860 M
378 1797 448 1875 366.
484 1800 518 1860 Ψ
535 1799 608 1874 408.

240 1906 279 1965 A
306 1919 373 1964 122.
417 1900 574 1980 Σέλευκος
601 1900 639 1966 δὲ
668 1895 751 1985 παρ’
780 1894 910 1988 Ὁμήρῳ
941 1901 1025 1988 φησί
1055 1902 1111 1987 τὴν
1141 1895 1411 1991 Ἀριστοφάνειον
1422 1917 1452 1974 4·

153 2007 282 2094 γραφὴν
305 2003 405 2088 ἔχειν·
423 2028 425 2032 ·
441 1997 609 2092 »Ἀτρείδη
632 2003 772 2089 κύδιστε,
796 2007 1090 2091 φιλοκτεανὲστατε
1111 2003 1275 2073 ποίντιονι.
1320 2010 1410 2072 Eust.

158 2115 294 2191 14418.
341 2112 389 2176 Cs.
412 2113 578 2174 Ludwich.
602 2111 701 2174 Arist.
726 2113 740 2174 Ι
767 2113 903 2188 181.14.

240 2221 280 2280 A
302 2235 373 2280 211.
424 2217 635 2299 Πτολεμαῖος
663 2216 722 2282 καί
752 2215 910 2294 Σέλευκος
943 2214 1003 2282 ἐπὶ
1027 2213 1064 2284 τὸ
1096 2211 1259 2284 ὀνείδισον
1291 2217 1414 2299 στίζειν
1429 2238 1456 2300 5.

152 2319 295 2408 ἀξιοῦσι,
316 2323 374 2389 καὶ
389 2315 577 2402 δποοτίζειν
592 2318 676 2386 κατὰ
690 2317 727 2388 τὸ
741 2321 835 2400 τέλος
848 2325 906 2387 τοῦ
920 2320 1042 2407 στίχου,
1064 2319 1107 2387 ‘lv'
1126 2311 1147 2412 ᾗ
1169 2319 1206 2390 τὸ
1222 2319 1409 2408 λεγόμενον

159 2423 291 2512 »ὥσπερ
323 2421 384 2510 μάρ
407 2423 510 2511 ἔσται,
540 2421 623 2492 ολίτιο
653 2427 710 2492 καὶ
741 2425 835 2512 ἐρῶν.
881 2427 990 2495 Schol.
1012 2429 1055 2493 A.
1089 2430 1251 2511 Deinceps
1273 2429 1413 2492 Nicanor

153 2535 270 2598 refellit
286 2533 412 2596 Seleuci
434 2533 732 2614 interpunctionem.
768 2533 817 2596 Cf.
833 2534 1024 2596 Kraussium
1040 2535 1071 2596 in
1088 2535 1132 2597 M.
1149 2534 1211 2598 Rh.
1230 2537 1268 2597 28
1292 2555 1323 2615 p.
1340 2537 1411 2614 489,

154 2641 210 2720 qui
231 2640 398 2702 Nicanoris
420 2639 524 2700 causis
546 2638 643 2701 etiam
665 2638 743 2701 alias
766 2639 856 2702 addit
877 2647 910 2700 et
932 2639 1097 2720 Baegeum
1122 2640 1184 2722 (De
1204 2640 1285 2704 Ptol.
1309 2639 1412 2702 Asca·

154 2747 255 2809 lonita
278 2745 328 2806 ad.
352 2745 382 2806 h.
407 2742 451 2826 1.).

240 2862 277 2912 A
303 2851 374 2928 258.
417 2843 474 2912 duit
495 2851 553 2912 τοῦ
580 2847 739 2933 νβουλην
768 2843 806 2914 οά
835 2843 979 2914 dulcori
1008 2865 1038 2914 ι·
1074 2842 1176 2928 οὕτως
1199 2845 1413 2933 Ἀρίσταρχος
1424 2853 1453 2914 6.

153 2953 213 3020 καί
237 2953 270 3020 ἓν
292 2957 331 3040 τῇ
353 2951 550 3038 πολυστίχηι.
588 2951 695 3022 Schol.
719 2955 761 3019 A.

241 3063 281 3123 A
304 3076 375 3138 340.
421 3056 580 3136 Σέλευκος
613 3057 646 3124 ἐν
675 3061 714 3145 τῇ
747 3058 936 3144 πολυστίχηι
969 3055 1089 3144 γράφει
1124 3055 1326 3136 »ἀναιδέος<<.
1364 3051 1454 3143 cri-7.

153 3166 318 3251 επίφορον
340 3159 401 3249 γὰρ
423 3155 509 3229 εἶναι
531 3157 586 3228 τὸν
604 3157 759 3244 Ἀχιλλέα
781 3161 828 3242 είς
849 3159 887 3231 τὸ
909 3155 1027 3249 ἀναιδῆ
1041 3164 1154 3229 καλεῖν
1176 3159 1232 3230 τὸν
1248 3160 1414 3248 Ἀγαμέμ-

155 3295 243 3340 νονα.
282 3267 370 3334 »αἰὲν
392 3263 561 3352 ἀναιδείην
582 3267 750 3350 ἐπιειμένε
771 3264 1043 3355 κερδαλεόφρονι.
1078 3269 1187 3334 Schol.
1206 3272 1247 3338 Α.
1284 3271 1414 3333 Refellit

156 3398 231 3439 eum
255 3377 434 3456 Didymus:
472 3367 581 3460 ἀπηνῆ
604 3373 641 3438 δὲ
665 3376 760 3440 καλεῖ
779 3371 835 3440 τὸν
858 3370 1085 3458 Ἀγαμέμνονα
1108 3371 1166 3440 διὰ
1184 3367 1226 3440 vri
1248 3372 1297 3451 είς
1319 3367 1415 3440 αάτδν

155 3478 384 3564 πεπραγμένα.
438 3479 502 3560 Qui
531 3481 646 3542 citatur
662 3519 663 3522 =
679 3502 790 3544 versus
819 3478 891 3546 αἰὲν
921 3530 928 3545 .
960 3534 967 3548 .
996 3473 1246 3568 κερδαλεόφρον,
1282 3502 1414 3563 compo·

154 3589 234 3651 situs
264 3597 314 3650 est
339 3608 382 3649 ex
411 3585 538 3648 duobus
568 3607 618 3650 vv.
649 3591 670 3650 I
697 3601 758 3666 372
788 3597 822 3649 et
850 3591 890 3649 A
915 3603 983 3666 149.
1033 3585 1142 3666 Quare
1171 3587 1282 3649 Ludw.
1313 3587 1412 3650 Arist.

155 3715 187 3775 p.
215 3709 274 3773 190
296 3702 384 3755 recte
405 3692 513 3773 legere
535 3693 669 3754 videtur.
709 3687 798 3756 ,ναίὲν
820 3684 990 3777 ἀναιδείην
1012 3689 1215 3774 ἕπιειμένοςι
1235 3690 1292 3756 καὶ
1311 3686 1413 3775 »ὤμοι

156 3789 325 3882 ἀναιδείην
353 3793 521 3880 ἐπιειμένε
549 3791 820 3886 κερδαλεόφρονι.
864 3799 988 3860 Lehrsii
1019 3797 1224 3873 coniecturis,
1256 3801 1310 3879 qui
1339 3791 1415 3882 γροί-

155 3907 286 3989 φεσθαι
309 3905 463 3985 proponit
484 3924 544 3984 pro
568 3898 687 3987 γράφει
710 3903 761 3984 (cf.
786 3904 886 3966 schol.
908 3907 948 3966 A
971 3903 1043 3985 381)
1074 3914 1107 3966 et
1128 3904 1236 3966 inserit
1265 3903 1320 3968 νῦν
1338 3913 1415 3984 post

156 4010 261 4092 καλεῖ,
285 4010 400 4072 deinde
422 3999 498 4092 ἀρτι
520 4017 594 4070 ante
616 4009 843 4093 πεπραγμένα,
867 4030 1039 4091 possumus
1060 4030 1165 4090 egere.

240 4118 279 4178 A
304 4116 374 4194 381.
420 4109 578 4190 Σέλευκός
608 4137 717 4200 φησιν,
748 4113 782 4180 ἐν
810 4116 850 4202 τῇ
880 4112 1019 4200 Κυπρίᾳ
1047 4113 1105 4178 καί
1135 4114 1284 4198 Κρητικῇ
1317 4108 1411 4176 »ἐπεί
1425 4119 1452 4180 8.

157 4213 199 4303 ῥοί
220 4216 256 4285 νύ
280 4216 312 4284 οὶ
336 4218 435 4307 φίλος
456 4207 542 4309 ἧενι.
564 4219 623 4286 καί
648 4222 810 4306 Θεαγένης
833 4219 871 4286 δὲ
893 4213 977 4286 οὕτω
999 4217 1218 4305 προφέρεται·
1243 4211 1414 4283 ἀπίθανον

157 4318 218 4408 γὰρ
235 4318 273 4390 τὸ
287 4323 456 4391 οδενυλίαν
471 4323 571 4412 φίλος
585 4314 631 4411 ἧν.
656 4325 762 4390 Schol.
772 4327 815 4394 A.
838 4327 951 4389 Ludw.
965 4326 1064 4388 Arist.
1081 4346 1112 4406 p.
1126 4341 1183 4405 192
1199 4344 1272 4386 vere
1288 4324 1414 4404 scripsit

1168 4425 1206 4490 3*
