3250 4980
705 345 917 417 „¹39-

266 522 287 562 α
312 513 383 578 215.
428 491 473 580 (εί
502 495 540 560 δὲ
569 490 719 562 καθόλου
749 494 801 581 [τὸ
830 498 903 560 add.
928 496 1100 574 Schrader]
1131 487 1186 560 »οά
1216 487 1276 578 γάρ
1304 489 1360 560 ποί
1389 516 1498 581 τις19,

177 598 233 670 ἑὸν
262 600 356 687 γόνον
386 598 540 686 ἀνέγνω<<,
573 599 682 667 πόθεν
712 594 731 690 ή
762 607 897 687 γνῶσις,·
933 599 1001 668 ἔδει
1035 595 1097 685 γάρ
1131 595 1249 688 φάναι·
1282 596 1347 685 ἐγὼ
1377 599 1438 686 γάρ

177 700 240 774 οάκ
263 699 353 773 εἶδον
380 701 437 772 τόν
468 705 686 793 γεγεννηκότα,
716 699 803 772 ἀλλά
825 708 869 793 μὴ
897 705 1048 774 καθόλου
1070 708 1251 771 ποιεῖσθαι
1274 705 1331 791 τῆν
1354 697 1439 774 ἀπό-

178 836 284 899 φασιν
306 805 350 890 ὡς
378 808 515 898 μηδενὸς
544 807 671 890 εἰδότος
702 808 758 878 τὸν
788 807 906 880 ἑαυτοῦ
934 809 1089 896 πατέρα.)
1127 804 1238 896 ὀρθῶς
1261 799 1317 878 οὖν
1339 804 1357 879 ὃ
1380 815 1439 878 Σέ-

178 920 293 997 λευκος
321 912 456 1003 εἴρηκεν,
487 910 539 983 ὅτι
566 919 618 982 δεῖ
649 919 872 1002 [προς]λαβεῖν
902 920 1033 1002 (Buttm.
1064 917 1178 1001 λαβεῖν
1206 918 1313 999 codd.)
1341 915 1379 983 τὸ
1410 915 1440 982 εί

177 1019 226 1110 μὴ
254 1021 356 1109 μήτηρ
388 1021 474 1110 φαίη
505 1023 564 1087 τοῦ
595 1019 740 1104 ἔμμεναι.
779 1015 841 1088 κάν
873 1023 944 1107 (καὶ
976 1025 1022 1107 H)
1056 1019 1117 1107 γὰρ
1144 1017 1216 1110 ἀπή
1250 1015 1270 1109 ῆ
1298 1020 1439 1108 τεθνήκῃ

179 1126 346 1214 (τεθνήκει
374 1129 409 1190 Μ
440 1121 609 1214 ἐτεθνήκει
633 1129 689 1212 H),
720 1123 790 1212 δίμα
816 1132 864 1215 τηῖ
891 1129 1048 1213 γενέσθαι
1076 1125 1132 1195 τὸν
1161 1127 1271 1192 παῖδα
1293 1119 1313 1214 ή
1336 1124 1440 1215 μήτηρ

179 1228 335 1299 διδάσκει
357 1236 415 1300 τοῦ
438 1230 564 1318 πατρὸς
590 1224 749 1316 τοάνομα·
779 1226 842 1300 κάν
863 1237 963 1322 περιῇ
991 1233 1050 1299 καί
1072 1237 1173 1322 παρῆ,
1205 1225 1224 1320 ἡ
1247 1225 1350 1319 μήτηρ
1374 1233 1440 1298 δεί-

178 1361 309 1419 κνυσιν,
346 1331 397 1405 ότι
430 1332 545 1406 τοότου
584 1337 654 1404 ἔστί
694 1342 794 1418 παῖς·
838 1333 920 1406 ὥστε
955 1337 992 1405 τὸ
1031 1335 1087 1406 »οὗ
1121 1334 1182 1424 γάρ
1214 1331 1271 1404 ποί
1303 1363 1355 1416 τις
1387 1331 1441 1404 ἑόν

181 1439 276 1526 γόνον
299 1435 396 1524 αάτδς
418 1437 558 1530 ἀνέγνως
581 1439 825 1529 προςλαβόνιας
840 1446 976 1528 (Buttm.
998 1439 1237 1530 προςλαβόντες
1257 1444 1365 1526 codd.)
1388 1444 1440 1509 δεῖ

177 1545 217 1614 τὸ
247 1545 276 1613 εἰ
306 1544 352 1633 μή
380 1546 484 1638 μήτηρ
515 1548 599 1637 φαίη
628 1553 687 1616 τοῦ
716 1546 854 1634 ἔμμεναι
885 1545 1085 1634 δοκιμάζειν,
1120 1546 1149 1615 εἰ
1179 1544 1224 1636 μή
1254 1541 1365 1635 ὀρθῶς
1394 1543 1439 1613 ε’ί-

178 1677 287 1739 ρηται.
324 1653 433 1722 Schol.
457 1657 499 1723 H.
522 1657 568 1724 M.

267 1777 287 1840 δ
313 1792 444 1857 15-20.
498 1773 547 1858 (τὸ
581 1778 618 1843 δὲ
653 1772 728 1870 όλον
761 1775 798 1844 τὸ
828 1775 913 1863 πρὸς
946 1775 986 1843 τὰ
1018 1779 1156 1844 τοιαῦτα
1190 1772 1333 1855 νενευκὸς
1366 1779 1438 1854 τοῖς
1449 1757 1523 1844 zos

178 1883 358 1968 μνηστῆρσι
380 1882 438 1948 καί
459 1885 531 1962 τοῖς
551 1881 695 1963 Φαίαξιν
717 1879 849 1966 ἔνειμεν,
874 1875 948 1947 ἀλλ>
972 1877 1045 1964 οάχί
1067 1885 1210 1968 Νέστορι
1233 1872 1311 1946 οὐδὲ
1333 1885 1437 1946 Μενε-

179 1981 273 2073 λάῳ)
297 1972 335 2054 οὗ
358 1986 392 2053 ἔν
412 1990 453 2075 τῆ
476 1987 665 2077 γαμοποιίᾳ
688 1986 733 2075 μῆ
756 1989 902 2067 συνέντες
921 1984 979 2076 (μή
1004 1979 1040 2054 οά
1062 1987 1207 2065 συνέντες
1227 1988 1283 2069 Α.)
1306 1981 1338 2052 οἱ
1362 1985 1440 2070 περί

181 2086 408 2177 Ἀρίσταρχον,
439 2088 490 2160 ότι
504 2085 506 2092 ’
521 2097 671 2175 συνεχοῦς
700 2087 798 2179 οόσης
825 2096 882 2180 τῆς
912 2088 1090 2171 ἑστιάσεως
1114 2092 1173 2158 καί
1201 2095 1265 2156 τῶν
1288 2086 1441 2174 ἀκμαίων

178 2191 309 2286 ἡμερῶν
330 2199 616 2285 παρεληλυθυιῶν,
639 2198 673 2264 έν
688 2190 743 2278 αἷς
762 2198 972 2284 παρείληπτο
990 2199 1051 2281 μὲν
1071 2190 1091 2288 ἦ
1108 2197 1179 2280 (μέν
1193 2189 1231 2264 οὗ
1253 2197 1299 2280 A)
1320 2220 1440 2281 γαμου-

178 2304 262 2388 μένη
284 2300 369 2388 πρὸς
389 2306 447 2369 τοῦ
469 2303 621 2390 νυμφίου,
650 2303 755 2389 πέρας
776 2299 806 2369 δ’
833 2297 918 2386 εἶχεν
941 2298 958 2370 ό
979 2306 1039 2370 τοό
1059 2302 1306 2388 Μεγαπένθους
1328 2296 1439 2385 γάμος,

179 2403 276 2475 αὐτοὶ
294 2408 344 2490 (δέ
366 2412 423 2474 ins,
440 2413 525 2490 cod.)
547 2404 739 2492 μονάζοντες
756 2410 913 2496 διητιῖντο
937 2405 954 2476 ό
970 2434 1005 2476 τε
1019 2407 1192 2486 Μενέλαος
1206 2400 1299 2495 καὶὴ
1317 2399 1438 2493 Ἑλένη,

177 2511 226 2600 μὴ
248 2514 393 2592 συνέντες
414 2506 488 2579 ἀλλ’
513 2513 778 2600 ἐξαπατηθέντες
799 2509 867 2582 ἀπὸ
888 2518 946 2582 τοῦ
968 2508 1101 2600 πρώτου
1125 2512 1227 2592 ἔπους
1249 2514 1282 2594 (δ
1307 2517 1337 2596 3)
1366 2509 1439 2580 »τὸν

178 2612 212 2685 δ’
231 2604 323 2704 εὗρον
345 2613 497 2684 δαινόνεα
520 2615 625 2704 γάμον
646 2621 823 2687 πολλοῖσιν
848 2617 989 2709 ἔτησινι,
1011 2622 1243 2706 προςσονῆψαν
1265 2615 1439 2698 τοιούτους

176 2716 271 2803 τινάς
292 2723 423 2806 στίχους
444 2725 478 2807 (δ
503 2729 553 2807 15)

335 2857 379 2942 ὥς
401 2861 433 2929 οῖ
454 2863 515 2946 μέν
537 2862 686 2931 δαίνυντο
710 2862 792 2930 καθ’
818 2858 983 2954 ὑψερεφές
1003 2864 1089 2950 μέγα
1112 2866 1206 2948 δῶμα

334 2968 474 3053 γείτονες
496 2968 554 3055 ῆδέ
573 2965 646 3034 ἔται
669 2965 840 3037 Μενελάου
862 2970 1060 3052 κυδαλίμοιο

332 3071 545 3159 τερπόμενοι·
568 3073 651 3157 μετὰ
674 3073 712 3140 δέ
733 3098 814 3162 σφιν
837 3075 998 3160 ἐμέλπετο
1021 3079 1118 3154 θεῖος
1140 3067 1264 3154 ἀοιδός,

334 3178 517 3266 φορμίζων·
543 3175 626 3246 δοιὼ
646 3180 683 3245 δέ
705 3186 917 3268 κυβιστητῆρε
939 3173 1013 3246 κατ’
1039 3174 1156 3260 αάτοός

333 3286 463 3370 μολπῆς
485 3280 674 3369 ε’ξάρχοντες
696 3284 840 3352 έδίνεοον
862 3283 946 3352 κατὰ
966 3287 1119 3370 μέσσους.

179 3421 270 3507 [τοὺς
299 3419 327 3510 γ’
356 3426 508 3507 suppleo]
540 3419 778 3510 μετενεγκόντες
809 3423 846 3490 έκ
875 3428 930 3511 τῆς
957 3419 1184 3506 Ὁπλοποιίας
1212 3430 1253 3508 (Σ
1271 3430 1346 3511 604)
1381 3423 1440 3496 σὺν

178 3524 268 3616 αάτηῖ
298 3554 334 3615 γε
362 3533 409 3617 τῷ
441 3529 521 3615 περὶ
553 3528 611 3615 τήν
645 3530 735 3610 λέξιν
767 3523 988 3618 ἁμαρτήματι.
1026 3525 1064 3598 οά
1093 3528 1154 3616 γὰρ
1187 3529 1377 3618 ἐξάρχοντες
1406 3529 1438 3598 οῖ

178 3638 416 3722 κυβιστητῆρες,
448 3626 523 3700 ἀλλ’
549 3631 743 3720 ἐξάρχοντος
768 3639 827 3702 τοῦ
848 3631 936 3722 ᾠδοῦ
959 3635 1092 3714 πάντως
1114 3629 1286 3721 ὠρχοῦντο.
1317 3633 1439 3723 τὸγὰρ

178 3736 326 3826 ἐξάρχειν
354 3743 411 3827 τῆς
432 3735 616 3827 φόρμιγγος
637 3735 736 3810 ἰ’διον.
771 3739 890 3826 διόπερ
913 3734 931 3808 ό
952 3742 1013 3823 μὲν
1038 3735 1199 3822 Ἡσίοδός
1221 3766 1322 3830 φησιν
1344 3739 1378 3808 ἔν
1399 3745 1440 3830 τῇ

179 3839 323 3912 Ἀσπίδι
357 3848 443 3929 (205)
481 3872 514 3911 κ.
549 3899 556 3914 .
585 3845 668 3912 θεαὶ
702 3837 733 3911 δ’
768 3843 901 3932 ἐξῆρχον
933 3839 1048 3928 ἀοιδῆς
1082 3852 1220 3914 Μοῦσαι
1252 3847 1438 3932 Πιερίδεςι.

178 3950 238 4018 καί
261 3944 279 4018 ό
303 3944 510 4034 Ἀρχίλοχος·
548 3943 663 4030 »αὐτὸς
686 3945 831 4034 ἐξάρχων
851 3948 936 4037 πρός
964 3944 1063 4020 αάλὸν
1084 3953 1237 4039 Λέσβιον
1258 3949 1438 4040 παιήοναε.

178 4057 276 4122 καλεῖ
306 4056 343 4122 δέ
365 4055 567 4143 Στησίχορος
594 4055 655 4140 μέν
682 4053 740 4144 τήν
762 4061 904 4123 Μοῦσαν
926 4051 1182 4144 ἀγχεοίμολπον,
1212 4057 1381 4144 Πίνδαρος
1403 4051 1434 4124 δ’

179 4156 363 4248 ἀγησίχορα
391 4157 433 4227 τδι
458 4161 632 4248 προοίμια.
672 4157 844 4246 Διόδωρος
872 4158 903 4228 δ’
931 4156 949 4228 ό
980 4155 1250 4250 Ἀριστοφάνειος
1279 4157 1356 4229 ὅλον
1383 4159 1440 4230 τὸν

180 4261 285 4353 γάμον
299 4267 504 4354 περιέγραψε
526 4263 680 4348 τοπάζων
694 4262 828 4353 πρώτας
843 4261 964 4355 ἡμέρας
979 4260 1064 4335 εῖναι
1085 4269 1142 4336 καί
1157 4268 1194 4336 τὸ
1211 4270 1307 4355 λῆγον
1321 4263 1438 4351 αάτῶν,
