3250 4980
708 363 920 427 -μ,

173 517 330 580 Nauckio
354 538 418 580 non
434 517 651 598 persuaderet.
686 517 812 580 Tamen
833 517 908 580 mihi
923 518 1053 600 quidem
1067 516 1162 598 plane
1178 519 1244 580 veri
1259 527 1309 580 est
1327 518 1438 592 simile,

174 623 304 697 Delios,
329 624 481 704 quoniam
498 621 640 686 Glaucus
662 623 750 704 apud
772 644 829 685 eos
850 623 940 699 vixit,
964 643 1061 703 quem
1084 613 1216 707 ἀγαθὸν
1238 621 1441 709 κολυμβητήν

174 728 334 790 Mnaseas
351 727 555 810 (AthenVII
573 729 635 809 296
642 729 676 810 b)
691 737 820 810 praeter
835 727 914 790 alios
930 737 1036 803 vocat,
1053 738 1187 810 propter
1200 733 1282 791 hunc
1297 729 1440 810 optimos

173 834 360 896 urinatores
384 854 454 897 esse
477 834 626 902 creditos.

284 938 393 1021 γέγονε
426 937 463 1004 δέ
495 937 554 1004 καί
588 931 687 1018 ἀλλος
719 933 863 1003 Πλάτων
900 933 1083 1025 φιλόσοφος
1109 931 1252 1019 Ῥόδιος,
1289 933 1502 1021 μαθητὴς75.

173 1041 385 1120 Παναιτίου,
419 1040 513 1109 καθά
546 1065 629 1130 φησι
659 1045 818 1121 Σέλευκος
847 1035 865 1108 ὃ
894 1040 1118 1127 γραμματικὸς
1149 1041 1184 1108 έν
1212 1037 1333 1128 πρώτῳ
1361 1040 1439 1124 περὶ

174 1147 398 1236 φιλοσοφίας.
444 1151 552 1216 Laert.
575 1151 671 1232 Diog.
694 1151 740 1212 III
763 1163 815 1229 75.

704 1349 802 1446 Περί
823 1354 918 1440 βίων.

283 1515 441 1595 Σέλευκος
475 1517 514 1583 δὲ
549 1515 584 1582 ἐν
619 1514 657 1602 β’
694 1517 772 1599 περὶ
810 1515 894 1602 βίων
930 1510 1126 1602 ἁμαρτάνειν
1162 1514 1246 1602 φησί
1282 1511 1439 1598 Κράτητα
1448 1519 1498 1600 76.

173 1618 356 1702 νομίζοντα
379 1619 413 1686 έν
433 1625 507 1701 ταῖς
530 1617 733 1708 λεροποιίαις
749 1616 929 1708 Ὁμηρίδας
951 1614 1134 1708 ἀπογόνους
1155 1613 1242 1686 εἶναι
1262 1622 1320 1685 τοῦ
1341 1642 1440 1706 ποιη·

173 1729 249 1790 τοῦ.
288 1717 531 1812 ὠνομάσθησαν
560 1732 637 1811 γοῦν
659 1720 729 1795 ἀπὸ
758 1732 822 1793 τῶν
851 1719 990 1815 ὁμήρων,
1021 1725 1098 1793 ἐπεὶ
1120 1725 1156 1792 αὶ
1184 1723 1336 1811 γυναῖκές
1357 1747 1440 1789 ποτε

172 1834 247 1895 τῶν
277 1829 371 1897 Χίων
399 1828 433 1897 έν
462 1831 655 1912 Διονυσίοις
683 1829 986 1920 παραφρονήσασαι
1015 1829 1063 1911 είς
1093 1831 1200 1916 μάχην
1231 1819 1337 1916 ἦλθον
1369 1832 1441 1906 τοῖς

175 1929 333 2018 ἀνδράσι,
365 1936 424 2002 καί
454 1931 561 2016 δύντες
590 1933 747 2024 ἀλλήλοις
776 1930 883 2022 ὅμηρα
912 1937 1072 2026 νυμφίους
1100 1935 1159 2002 καὶ
1188 1934 1316 2022 νύμφας
1337 1929 1441 2001 ἐπαύ-

174 2059 296 2121 σαντο,
335 2025 379 2106 ὧν
404 2037 479 2120 τούς
509 2034 694 2128 ἀπογόνους
722 2036 903 2128 Ὁμηρίδας
934 2042 1095 2128 λέγουσιν.
1147 2043 1339 2124 Harpocrat.
1362 2064 1386 2108 S.
1411 2063 1441 2106 v.

168 2138 367 2230 Ὁμηρίδαι.

704 2251 917 2346 Σύμμικτα.

281 2403 507 2491 Στυμφηλίδες
539 2403 577 2470 δὲ
610 2404 759 2489 λέγονται
789 2406 868 2491 περὶ
898 2397 998 2492 αύτην
1031 2406 1109 2488 (scil.
1138 2403 1194 2490 τὴν
1223 2402 1499 2498 Στυμφηλίδαῃ,

174 2507 311 2595 λίμνην)
341 2501 482 2595 ῦρνιθες,
514 2499 554 2589 ἀς
582 2509 736 2589 πλωίδας
763 2503 857 2576 εἶπεν
882 2506 1118 2587 Ἀπολλώνιος.
1156 2503 1239 2577 ούτω
1271 2511 1308 2576 δέ
1338 2503 1439 2587 αὐτὰς

173 2609 406 2697 ὀνομάζεσθαι
436 2614 593 2694 Σέλευκος
627 2613 662 2680 έν
692 2615 902 2700 Συμμίκτοις.
946 2616 1055 2683 Schol.
1089 2617 1245 2698 Apollon.
1278 2617 1385 2682 Rhod.
1409 2614 1439 2676 Il

180 2733 278 2797 1052.
320 2719 368 2784 cf.
389 2722 520 2788 Wilam.
541 2721 674 2788 Herakl.
694 2723 709 2784 Ι
731 2724 804 2789 adn.
826 2723 877 2786 60.

643 2911 835 2972 Incertae
857 2911 979 2975 sedis

283 3032 439 3112 Σέλευκος
476 3033 513 3099 δέ
549 3055 632 3119 φησι
667 3029 705 3098 τὸ
741 3029 891 3099 παλαιὸν
925 3029 985 3100 οῦκ
1019 3026 1105 3099 εἶναι
1142 3031 1224 3113 ἔθος
1254 3026 1322 3100 σῦκ’
1349 3025 1439 3099 οἶνον
1447 3043 1497 3122 78,

175 3135 242 3202 ἐπὶ
264 3137 381 3202 πλεῖον
404 3129 472 3203 σῦκ’
502 3130 604 3224 ἀλλην
632 3131 847 3225 ἡδυπάθειαν
874 3139 1136 3225 προςφέρεσθαι,
1165 3136 1212 3222 μὴ
1233 3141 1323 3204 θεῶν
1345 3137 1439 3204 ἕνεκα

173 3246 275 3309 τοῦτο
299 3243 450 3328 δρῶντας.
486 3240 540 3310 διὸ
568 3243 626 3310 καί
648 3243 770 3322 θοίνας
790 3244 849 3310 καί
871 3243 1013 3322 θαλείας
1039 3248 1098 3310 καὶ
1123 3243 1233 3328 μέθας
1255 3237 1438 3326 ὠνόμαζον·

173 3345 241 3426 τὰς
269 3347 328 3429 μέν
357 3340 407 3414 ὅτι
437 3345 495 3414 διὰ
528 3345 628 3426 θεούς
658 3346 835 3416 οἰνοῦσθαι
866 3350 935 3415 δεῖν
963 3343 1208 3434 ἀπελάμβανον,
1240 3346 1300 3428 τὰς
1330 3344 1362 3413 δ’
1388 3343 1440 3414 ὅτι

174 3456 271 3520 θεῶν
284 3450 379 3539 χάριν
400 3446 549 3542 ἡλίζοντο
565 3455 623 3520 καὶ
641 3452 809 3541 συνῄεσαν.
832 3458 926 3520 τοῦτο
942 3452 1003 3539 γάρ
1018 3455 1089 3522 ἐστι
1102 3453 1138 3526 τὲ
1157 3458 1255 3522 δαῖτα
1269 3447 1438 3520 θάλειαν’.

173 3555 217 3624 τὸ
242 3556 280 3624 δὲ
301 3555 437 3641 μεθύειν
459 3559 561 3649 φησίν
583 3551 812 3646 Ἀριστοτέλης
835 3556 937 3644 [παρὰ
953 3562 1100 3643 suppleo]
1123 3556 1160 3626 τὸ
1181 3547 1264 3643 μετά
1283 3555 1321 3625 τὸ
1343 3553 1440 3626 θύειν

176 3663 271 3750 αὐτῷ
285 3665 440 3749 χρῆσθαι.
474 3666 595 3731 Athen.
615 3667 645 3728 ΙΙ
666 3684 710 3744 40
718 3689 745 3734 c.
778 3669 856 3728 Post
870 3665 1012 3744 θαλείας
1033 3667 1128 3734 Kaib.
1152 3667 1238 3730 delet
1260 3668 1359 3730 verba
1381 3665 1440 3732 καί

174 3769 292 3853 μέθας
313 3779 348 3832 ut
370 3770 522 3851 glossam,
554 3773 612 3833 sed
633 3773 690 3834 vix
712 3773 787 3854 iure,
816 3772 975 3852 siquidem
998 3770 1170 3834 Seleucum
1192 3772 1370 3835 Aristotele
1393 3773 1438 3835 uti

175 3878 398 3942 concedimus.
442 3874 491 3940 Cf.
514 3875 600 3938 Suid.
624 3898 649 3944 s.
673 3899 703 3944 v.
724 3877 827 3964 μέθη.
871 3877 1057 3941 Aristotelis
1079 3877 1214 3958 etymol.
1237 3878 1320 3940 redit
1341 3879 1438 3940 etiam

174 3983 267 4065 apud
289 3981 411 4044 Philon.
436 3982 489 4060 (de
511 3981 611 4062 plant.
635 3981 719 4064 Noli)
742 4004 774 4064 p.
799 4001 815 4062 3
822 3997 861 4062 54
884 3983 993 4065 Mang.

267 4079 346 4172 (a’yoi
376 4080 407 4150 δ’
434 4083 511 4151 ἐπεὶ
538 4085 724 4171 παρεξέβην
751 4086 830 4172 περὶ
859 4091 924 4154 τῶν
946 4081 1093 4174 ἀρχαίων
1121 4080 1265 4170 κράσεων
1287 4081 1437 4172 διαλεχό-
1447 4108 1497 4175 79.

171 4214 288 4276 μενος,
319 4187 582 4278 ἐπαναλήψομαι
610 4191 666 4259 τὸν
693 4187 790 4278 λόχον
817 4188 859 4257 τὰ
887 4185 956 4258 ἀπὸ
984 4186 1145 4258 Ἀλκαίου
1169 4197 1227 4258 τοῦ
1252 4194 1436 4276 μελοποιοῦ

173 4294 341 4380 λεχθέντα
358 4292 417 4361 ἐπὶ
440 4300 514 4363 νοῦν
527 4291 758 4382 βαλλόμενος)
782 4297 865 4386 φησί
881 4292 942 4381 γάρ
962 4321 1030 4362 που
1046 4285 1140 4376 οὗτος
1162 4297 1210 4383 (fr.
1225 4317 1277 4377 41.
1297 4301 1437 4381 Bergk).

1190 4401 1228 4465 4*
