<?xml version="1.0" encoding="UTF-8"?>
<!DOCTYPE html PUBLIC "-//W3C//DTD XHTML 1.0 Transitional//EN"
    "http://www.w3.org/TR/xhtml1/DTD/xhtml1-transitional.dtd">
<html xmlns="http://www.w3.org/1999/xhtml" xml:lang="en" lang="en">
 <head>
  <title>
</title>
<meta http-equiv="Content-Type" content="text/html;charset=utf-8" />
  <meta name='ocr-system' content='tesseract 3.04.00' />
  <meta name='ocr-capabilities' content='ocr_page ocr_carea ocr_par ocr_line ocrx_word'/>
</head>
<body>
  <div class='ocr_page' id='page_1' title='image "./deseleucohomeri00mlgoog_0052.png"; bbox 0 0 3250 4980; ppageno 0'>
   <div class='ocr_carea' id='block_1_1' title="bbox 678 360 891 424">
    <p class='ocr_par' dir='ltr' id='par_1_1' title="bbox 678 360 891 424">
     <span class='ocr_line' id='line_1_1' title="bbox 678 360 891 424; baseline 0 -34"><span class='ocrx_word' id='word_1_1' title='bbox 678 360 891 424; x_wconf 65' lang='lat'><strong>..45-</strong></span> 
     </span>
    </p>
   </div>
   <div class='ocr_carea' id='block_1_2' title="bbox 695 536 873 606">
    <p class='ocr_par' dir='ltr' id='par_1_2' title="bbox 695 536 873 606">
     <span class='ocr_line' id='line_1_2' title="bbox 695 536 873 606; baseline 0.006 -1"><span class='ocrx_word' id='word_1_2' title='bbox 695 536 873 606; x_wconf 78' lang='grc' dir='ltr'><strong><em>Γλώσσαι.</em></strong></span> 
     </span>
    </p>
   </div>
   <div class='ocr_carea' id='block_1_3' title="bbox 147 677 1473 2560">
    <p class='ocr_par' dir='ltr' id='par_1_3' title="bbox 147 677 1469 1296">
     <span class='ocr_line' id='line_1_3' title="bbox 238 677 1469 770; baseline 0.004 -23"><span class='ocrx_word' id='word_1_3' title='bbox 238 682 395 761; x_wconf 82' lang='grc' dir='ltr'><strong><em>Σέλευκος</em></strong></span> <span class='ocrx_word' id='word_1_4' title='bbox 418 677 449 749; x_wconf 62' lang='grc' dir='ltr'><strong><em>δ)</em></strong></span> <span class='ocrx_word' id='word_1_5' title='bbox 476 677 573 764; x_wconf 81' lang='grc' dir='ltr'><strong><em>άζους</em></strong></span> <span class='ocrx_word' id='word_1_6' title='bbox 593 681 653 762; x_wconf 84' lang='grc' dir='ltr'><strong><em>τὰς</em></strong></span> <span class='ocrx_word' id='word_1_7' title='bbox 675 683 884 770; x_wconf 75' lang='grc' dir='ltr'><strong><em>θεραπαίνας</em></strong></span> <span class='ocrx_word' id='word_1_8' title='bbox 905 685 962 750; x_wconf 87' lang='grc' dir='ltr'><strong><em>καί</em></strong></span> <span class='ocrx_word' id='word_1_9' title='bbox 984 680 1059 762; x_wconf 80' lang='grc' dir='ltr'><strong><em>τοὺς</em></strong></span> <span class='ocrx_word' id='word_1_10' title='bbox 1083 681 1303 770; x_wconf 86' lang='grc' dir='ltr'><strong><em>θεράποντας,</em></strong></span> <span class='ocrx_word' id='word_1_11' title='bbox 1326 680 1408 752; x_wconf 86' lang='grc' dir='ltr'><strong><em>άπο-</em></strong></span> <span class='ocrx_word' id='word_1_12' title='bbox 1420 689 1469 766; x_wconf 82' lang='lat'><strong><em>36.</em></strong></span> 
     </span>
     <span class='ocr_line' id='line_1_4' title="bbox 147 782 1409 878; baseline 0.004 -26"><span class='ocrx_word' id='word_1_13' title='bbox 147 782 283 875; x_wconf 80' lang='grc' dir='ltr'><strong><em>φράσρν</em></strong></span> <span class='ocrx_word' id='word_1_14' title='bbox 313 789 350 854; x_wconf 82' lang='grc' dir='ltr'><strong><em>δὲ</em></strong></span> <span class='ocrx_word' id='word_1_15' title='bbox 378 785 435 878; x_wconf 79' lang='grc' dir='ltr'><strong><em>τὴν</em></strong></span> <span class='ocrx_word' id='word_1_16' title='bbox 465 783 581 873; x_wconf 78' lang='grc' dir='ltr'><em>δούλην</em></span> <span class='ocrx_word' id='word_1_17' title='bbox 612 791 670 856; x_wconf 89' lang='grc' dir='ltr'><strong><em>καί</em></strong></span> <span class='ocrx_word' id='word_1_18' title='bbox 699 791 843 878; x_wconf 79' lang='grc' dir='ltr'><em>βολίζην,</em></span> <span class='ocrx_word' id='word_1_19' title='bbox 876 789 1038 874; x_wconf 80' lang='grc' dir='ltr'><strong><em>σίνδρωνα</em></strong></span> <span class='ocrx_word' id='word_1_20' title='bbox 1068 790 1105 855; x_wconf 85' lang='grc' dir='ltr'><strong><em>δὲ</em></strong></span> <span class='ocrx_word' id='word_1_21' title='bbox 1133 786 1188 856; x_wconf 85' lang='grc' dir='ltr'><strong><em>τόν</em></strong></span> <span class='ocrx_word' id='word_1_22' title='bbox 1218 792 1409 858; x_wconf 88' lang='grc' dir='ltr'><strong><em>δουλέκδου-</em></strong></span> 
     </span>
     <span class='ocr_line' id='line_1_5' title="bbox 147 889 1411 983; baseline 0.004 -27"><span class='ocrx_word' id='word_1_23' title='bbox 147 894 218 972; x_wconf 94' lang='grc' dir='ltr'><strong><em>λον,</em></strong></span> <span class='ocrx_word' id='word_1_24' title='bbox 249 889 444 977; x_wconf 79' lang='grc' dir='ltr'><strong><em>ἀμφίπολον</em></strong></span> <span class='ocrx_word' id='word_1_25' title='bbox 469 893 506 958; x_wconf 82' lang='grc' dir='ltr'><strong><em>δέ</em></strong></span> <span class='ocrx_word' id='word_1_26' title='bbox 527 891 584 981; x_wconf 80' lang='grc' dir='ltr'><strong><em>τὴν</em></strong></span> <span class='ocrx_word' id='word_1_27' title='bbox 606 895 685 979; x_wconf 81' lang='grc' dir='ltr'><strong><em>περὶ</em></strong></span> <span class='ocrx_word' id='word_1_28' title='bbox 708 892 766 980; x_wconf 72' lang='grc' dir='ltr'><strong><em>τὴν</em></strong></span> <span class='ocrx_word' id='word_1_29' title='bbox 788 895 969 961; x_wconf 80' lang='grc' dir='ltr'><strong><em>δέσποιναν</em></strong></span> <span class='ocrx_word' id='word_1_30' title='bbox 990 890 1210 980; x_wconf 73' lang='grc' dir='ltr'><strong><em>θεράπαιναν,</em></strong></span> <span class='ocrx_word' id='word_1_31' title='bbox 1238 894 1411 983; x_wconf 82' lang='grc' dir='ltr'><strong><em>πρόπολον</em></strong></span> 
     </span>
     <span class='ocr_line' id='line_1_6' title="bbox 148 994 1412 1090; baseline 0.004 -28"><span class='ocrx_word' id='word_1_32' title='bbox 148 997 188 1062; x_wconf 83' lang='grc' dir='ltr'><strong><em>δέ</em></strong></span> <span class='ocrx_word' id='word_1_33' title='bbox 219 998 275 1084; x_wconf 83' lang='grc' dir='ltr'><strong><em>τὴν</em></strong></span> <span class='ocrx_word' id='word_1_34' title='bbox 303 999 600 1086; x_wconf 80' lang='grc' dir='ltr'><strong><em>προπορευομένην.</em></strong></span> <span class='ocrx_word' id='word_1_35' title='bbox 645 1002 766 1070; x_wconf 85' lang='lat' dir='ltr'><strong>Athen.</strong></span> <span class='ocrx_word' id='word_1_36' title='bbox 790 1003 838 1064; x_wconf 85' lang='lat' dir='ltr'><strong><em>VI</em></strong></span> <span class='ocrx_word' id='word_1_37' title='bbox 861 1023 892 1084; x_wconf 92' lang='lat' dir='ltr'><strong><em>p.</em></strong></span> <span class='ocrx_word' id='word_1_38' title='bbox 917 1003 1014 1082; x_wconf 77' lang='lat'><strong>2670.</strong></span> <span class='ocrx_word' id='word_1_39' title='bbox 1057 1002 1135 1070; x_wconf 83' lang='lat' dir='ltr'><strong>Hes,</strong></span> <span class='ocrx_word' id='word_1_40' title='bbox 1169 996 1361 1090; x_wconf 84' lang='grc' dir='ltr'><strong><em>ἀπόφαρσις</em></strong></span> <span class='ocrx_word' id='word_1_41' title='bbox 1392 994 1412 1086; x_wconf 62' lang='grc' dir='ltr'><strong><em>’ἢ</em></strong></span> 
     </span>
     <span class='ocr_line' id='line_1_7' title="bbox 149 1101 1412 1192; baseline 0.004 -25"><span class='ocrx_word' id='word_1_42' title='bbox 149 1101 277 1189; x_wconf 75' lang='grc' dir='ltr'><strong><em>ἑταίρα.</em></strong></span> <span class='ocrx_word' id='word_1_43' title='bbox 330 1107 408 1174; x_wconf 79' lang='grc' dir='ltr'><strong><em>Ηεε.</em></strong></span> <span class='ocrx_word' id='word_1_44' title='bbox 440 1105 663 1191; x_wconf 84' lang='grc' dir='ltr'><strong><em>σίνδρων[ας]·</em></strong></span> <span class='ocrx_word' id='word_1_45' title='bbox 697 1108 871 1192; x_wconf 73' lang='grc' dir='ltr'><strong><em>(πονηρῶν,</em></strong></span> <span class='ocrx_word' id='word_1_46' title='bbox 901 1107 1103 1188; x_wconf 83' lang='grc' dir='ltr'><strong><em>βλαπτικῶν,</em></strong></span> <span class='ocrx_word' id='word_1_47' title='bbox 1132 1103 1164 1172; x_wconf 86' lang='grc' dir='ltr'><strong><em>οί</em></strong></span> <span class='ocrx_word' id='word_1_48' title='bbox 1196 1107 1244 1189; x_wconf 84' lang='grc' dir='ltr'><strong><em>δὲ)</em></strong></span> <span class='ocrx_word' id='word_1_49' title='bbox 1276 1104 1412 1173; x_wconf 81' lang='grc' dir='ltr'><strong><em>ἀπελευ-</em></strong></span> 
     </span>
     <span class='ocr_line' id='line_1_8' title="bbox 148 1203 485 1296; baseline 0.024 -23"><span class='ocrx_word' id='word_1_50' title='bbox 148 1208 275 1294; x_wconf 88' lang='grc' dir='ltr'><strong><em>θέρους</em></strong></span> <span class='ocrx_word' id='word_1_51' title='bbox 297 1203 317 1296; x_wconf 74' lang='grc' dir='ltr'>ἢ</span> <span class='ocrx_word' id='word_1_52' title='bbox 340 1208 485 1288; x_wconf 78' lang='grc' dir='ltr'><strong><em>δούλους.</em></strong></span> 
     </span>
    </p>

    <p class='ocr_par' dir='ltr' id='par_1_4' title="bbox 149 1306 1470 1715">
     <span class='ocr_line' id='line_1_9' title="bbox 240 1306 1470 1403; baseline 0.003 -24"><span class='ocrx_word' id='word_1_53' title='bbox 240 1306 455 1400; x_wconf 85' lang='grc' dir='ltr'><strong><em>άρθρέμβολα</em></strong></span> <span class='ocrx_word' id='word_1_54' title='bbox 485 1321 516 1380; x_wconf 92' lang='lat' dir='ltr'><strong><em>in</em></strong></span> <span class='ocrx_word' id='word_1_55' title='bbox 545 1318 608 1379; x_wconf 90' lang='lat' dir='ltr'><strong><em>fine</em></strong></span> <span class='ocrx_word' id='word_1_56' title='bbox 637 1311 806 1384; x_wconf 83' lang='grc' dir='ltr'><strong><em>Σελεύκου.</em></strong></span> <span class='ocrx_word' id='word_1_57' title='bbox 852 1317 958 1384; x_wconf 85' lang='lat' dir='ltr'><strong>Cram.</strong></span> <span class='ocrx_word' id='word_1_58' title='bbox 987 1319 1030 1384; x_wconf 82' lang='lat' dir='ltr'><strong><em>A.</em></strong></span> <span class='ocrx_word' id='word_1_59' title='bbox 1060 1318 1093 1385; x_wconf 88' lang='lat' dir='ltr'><strong><em>P.</em></strong></span> <span class='ocrx_word' id='word_1_60' title='bbox 1124 1319 1172 1379; x_wconf 89' lang='lat' dir='ltr'><strong><em>IV</em></strong></span> <span class='ocrx_word' id='word_1_61' title='bbox 1202 1321 1253 1386; x_wconf 81' lang='lat'><strong><em>61.</em></strong></span> <span class='ocrx_word' id='word_1_62' title='bbox 1275 1336 1320 1386; x_wconf 90' lang='lat'><strong><em>12.</em></strong></span> <span class='ocrx_word' id='word_1_63' title='bbox 1353 1309 1409 1403; x_wconf 85' lang='grc' dir='ltr'><strong><em>άρ-</em></strong></span> <span class='ocrx_word' id='word_1_64' title='bbox 1421 1331 1470 1395; x_wconf 85' lang='lat'><strong><em>37.</em></strong></span> 
     </span>
     <span class='ocr_line' id='line_1_10' title="bbox 149 1413 1411 1507; baseline 0.004 -22"><span class='ocrx_word' id='word_1_65' title='bbox 149 1419 342 1504; x_wconf 90' lang='grc' dir='ltr'><strong><em>θρέμβολα·</em></strong></span> <span class='ocrx_word' id='word_1_66' title='bbox 365 1413 487 1506; x_wconf 81' lang='grc' dir='ltr'><strong><em>όργανα</em></strong></span> <span class='ocrx_word' id='word_1_67' title='bbox 501 1415 711 1507; x_wconf 81' lang='grc' dir='ltr'><strong><em>τιμωρητικά,</em></strong></span> <span class='ocrx_word' id='word_1_68' title='bbox 729 1417 822 1506; x_wconf 89' lang='grc' dir='ltr'><strong><em>παρὰ</em></strong></span> <span class='ocrx_word' id='word_1_69' title='bbox 839 1416 877 1486; x_wconf 85' lang='grc' dir='ltr'><strong><em>τό</em></strong></span> <span class='ocrx_word' id='word_1_70' title='bbox 893 1419 1073 1506; x_wconf 82' lang='grc' dir='ltr'><strong><em>ἐξαρθρούν</em></strong></span> <span class='ocrx_word' id='word_1_71' title='bbox 1088 1418 1143 1487; x_wconf 88' lang='grc' dir='ltr'><strong><em>τὸν</em></strong></span> <span class='ocrx_word' id='word_1_72' title='bbox 1159 1421 1411 1506; x_wconf 85' lang='grc' dir='ltr'><strong><em>ἐμβαλλόμενον.</em></strong></span> 
     </span>
     <span class='ocr_line' id='line_1_11' title="bbox 150 1517 1411 1614; baseline 0.006 -25"><span class='ocrx_word' id='word_1_73' title='bbox 150 1517 237 1612; x_wconf 72' lang='grc' dir='ltr'><strong><em>ἢτδ</em></strong></span> <span class='ocrx_word' id='word_1_74' title='bbox 259 1523 445 1608; x_wconf 83' lang='grc' dir='ltr'><strong><em>βαλλόμενα</em></strong></span> <span class='ocrx_word' id='word_1_75' title='bbox 474 1523 521 1605; x_wconf 85' lang='grc' dir='ltr'><strong><em>είς</em></strong></span> <span class='ocrx_word' id='word_1_76' title='bbox 538 1521 578 1592; x_wconf 84' lang='grc' dir='ltr'><strong><em>τὰ</em></strong></span> <span class='ocrx_word' id='word_1_77' title='bbox 601 1518 714 1611; x_wconf 82' lang='grc' dir='ltr'><strong><em>άρθρα</em></strong></span> <span class='ocrx_word' id='word_1_78' title='bbox 734 1529 797 1590; x_wconf 82' lang='grc' dir='ltr'><strong><em>τῶν</em></strong></span> <span class='ocrx_word' id='word_1_79' title='bbox 819 1525 943 1607; x_wconf 80' lang='grc' dir='ltr'><strong><em>μελῶν·</em></strong></span> <span class='ocrx_word' id='word_1_80' title='bbox 974 1525 1031 1590; x_wconf 85' lang='grc' dir='ltr'><strong><em>καί</em></strong></span> <span class='ocrx_word' id='word_1_81' title='bbox 1058 1523 1321 1614; x_wconf 78' lang='grc' dir='ltr'><strong><em>βασανιστήριον.</em></strong></span> <span class='ocrx_word' id='word_1_82' title='bbox 1357 1531 1411 1598; x_wconf 85' lang='lat' dir='ltr'><strong><em>Et.</em></strong></span> 
     </span>
     <span class='ocr_line' id='line_1_12' title="bbox 153 1631 1410 1715; baseline 0.004 -21"><span class='ocrx_word' id='word_1_83' title='bbox 153 1631 239 1698; x_wconf 91' lang='lat' dir='ltr'><strong>Gud.</strong></span> <span class='ocrx_word' id='word_1_84' title='bbox 255 1653 280 1699; x_wconf 84' lang='lat' dir='ltr'><strong><em>s,</em></strong></span> <span class='ocrx_word' id='word_1_85' title='bbox 297 1654 328 1695; x_wconf 87' lang='grc' dir='ltr'><strong><em>ν,</em></strong></span> <span class='ocrx_word' id='word_1_86' title='bbox 351 1632 390 1700; x_wconf 86' lang='lat' dir='ltr'><strong><em>cf.</em></strong></span> <span class='ocrx_word' id='word_1_87' title='bbox 413 1633 490 1699; x_wconf 88' lang='lat' dir='ltr'><strong>Hes.</strong></span> <span class='ocrx_word' id='word_1_88' title='bbox 508 1654 532 1700; x_wconf 89' lang='lat' dir='ltr'><strong><em>s.</em></strong></span> <span class='ocrx_word' id='word_1_89' title='bbox 552 1655 581 1699; x_wconf 94' lang='lat' dir='ltr'><strong><em>v.</em></strong></span> <span class='ocrx_word' id='word_1_90' title='bbox 603 1631 749 1694; x_wconf 87' lang='lat' dir='ltr'>Verbum</span> <span class='ocrx_word' id='word_1_91' title='bbox 773 1634 912 1713; x_wconf 89' lang='lat' dir='ltr'>primum</span> <span class='ocrx_word' id='word_1_92' title='bbox 934 1633 1090 1694; x_wconf 86' lang='lat' dir='ltr'>invenitur</span> <span class='ocrx_word' id='word_1_93' title='bbox 1111 1655 1163 1714; x_wconf 88' lang='lat' dir='ltr'><strong><em>ap.</em></strong></span> <span class='ocrx_word' id='word_1_94' title='bbox 1181 1633 1316 1715; x_wconf 82' lang='lat' dir='ltr'><strong>Gregor.</strong></span> <span class='ocrx_word' id='word_1_95' title='bbox 1332 1635 1410 1705; x_wconf 88' lang='lat' dir='ltr'><strong>Naz.</strong></span> 
     </span>
    </p>

    <p class='ocr_par' dir='ltr' id='par_1_5' title="bbox 153 1729 1473 2139">
     <span class='ocr_line' id='line_1_13' title="bbox 241 1729 1473 1822; baseline 0.006 -22"><span class='ocrx_word' id='word_1_96' title='bbox 241 1729 392 1822; x_wconf 81' lang='grc' dir='ltr'><strong><em>άστηνος·</em></strong></span> <span class='ocrx_word' id='word_1_97' title='bbox 430 1730 447 1804; x_wconf 84' lang='grc' dir='ltr'>ὁ</span> <span class='ocrx_word' id='word_1_98' title='bbox 475 1737 576 1822; x_wconf 82' lang='grc' dir='ltr'><strong><em>πένης</em></strong></span> <span class='ocrx_word' id='word_1_99' title='bbox 605 1733 643 1802; x_wconf 88' lang='grc' dir='ltr'><strong><em>ἐκ</em></strong></span> <span class='ocrx_word' id='word_1_100' title='bbox 672 1740 730 1802; x_wconf 84' lang='grc' dir='ltr'><strong><em>τού</em></strong></span> <span class='ocrx_word' id='word_1_101' title='bbox 760 1736 804 1820; x_wconf 82' lang='grc' dir='ltr'><strong><em>μὴ</em></strong></span> <span class='ocrx_word' id='word_1_102' title='bbox 838 1732 922 1816; x_wconf 76' lang='grc' dir='ltr'><strong><em>ἔχειν</em></strong></span> <span class='ocrx_word' id='word_1_103' title='bbox 955 1730 1085 1800; x_wconf 79' lang='grc' dir='ltr'><strong><em>στάσιν·</em></strong></span> <span class='ocrx_word' id='word_1_104' title='bbox 1125 1733 1208 1802; x_wconf 80' lang='grc' dir='ltr'><strong><em>ούτω</em></strong></span> <span class='ocrx_word' id='word_1_105' title='bbox 1242 1738 1409 1820; x_wconf 83' lang='grc' dir='ltr'><strong><em>Σέλευκος.</em></strong></span> <span class='ocrx_word' id='word_1_106' title='bbox 1423 1745 1473 1821; x_wconf 86' lang='lat'><strong><em>38.</em></strong></span> 
     </span>
     <span class='ocr_line' id='line_1_14' title="bbox 153 1833 1410 1931; baseline 0.006 -28"><span class='ocrx_word' id='word_1_107' title='bbox 153 1841 196 1902; x_wconf 87' lang='lat' dir='ltr'><strong><em>A.</em></strong></span> <span class='ocrx_word' id='word_1_108' title='bbox 213 1841 246 1904; x_wconf 95' lang='lat' dir='ltr'><strong><em>P.</em></strong></span> <span class='ocrx_word' id='word_1_109' title='bbox 271 1843 319 1904; x_wconf 88' lang='lat' dir='ltr'><strong><em>IV</em></strong></span> <span class='ocrx_word' id='word_1_110' title='bbox 342 1844 392 1904; x_wconf 91' lang='lat'><strong><em>61.</em></strong></span> <span class='ocrx_word' id='word_1_111' title='bbox 415 1860 461 1921; x_wconf 86' lang='lat'><strong><em>19,</em></strong></span> <span class='ocrx_word' id='word_1_112' title='bbox 485 1843 526 1908; x_wconf 83' lang='lat' dir='ltr'><strong><em>cf.</em></strong></span> <span class='ocrx_word' id='word_1_113' title='bbox 541 1844 594 1910; x_wconf 85' lang='lat' dir='ltr'><strong><em>Et.</em></strong></span> <span class='ocrx_word' id='word_1_114' title='bbox 611 1865 652 1904; x_wconf 91' lang='lat' dir='ltr'><strong><em>m.</em></strong></span> <span class='ocrx_word' id='word_1_115' title='bbox 674 1857 743 1922; x_wconf 83' lang='lat'><strong>159.</strong></span> <span class='ocrx_word' id='word_1_116' title='bbox 764 1860 810 1904; x_wconf 88' lang='lat'><strong><em>11.</em></strong></span> <span class='ocrx_word' id='word_1_117' title='bbox 848 1833 986 1922; x_wconf 81' lang='grc' dir='ltr'><strong><em>άστηνος</em></strong></span> <span class='ocrx_word' id='word_1_118' title='bbox 1005 1833 1022 1906; x_wconf 85' lang='grc' dir='ltr'><strong><em>ό</em></strong></span> <span class='ocrx_word' id='word_1_119' title='bbox 1040 1842 1195 1924; x_wconf 82' lang='grc' dir='ltr'><strong><em>δυστυχὴς</em></strong></span> <span class='ocrx_word' id='word_1_120' title='bbox 1216 1843 1275 1908; x_wconf 85' lang='grc' dir='ltr'><strong><em>καί</em></strong></span> <span class='ocrx_word' id='word_1_121' title='bbox 1297 1847 1410 1931; x_wconf 79' lang='grc' dir='ltr'><strong><em>πένης·</em></strong></span> 
     </span>
     <span class='ocr_line' id='line_1_15' title="bbox 153 1939 1410 2036; baseline 0.005 -26"><span class='ocrx_word' id='word_1_122' title='bbox 153 1942 248 2031; x_wconf 84' lang='grc' dir='ltr'><strong><em>παρὰ</em></strong></span> <span class='ocrx_word' id='word_1_123' title='bbox 276 1943 314 2012; x_wconf 90' lang='grc' dir='ltr'><strong><em>τὸ</em></strong></span> <span class='ocrx_word' id='word_1_124' title='bbox 337 1944 452 2012; x_wconf 89' lang='grc' dir='ltr'><strong><em>στάσιν</em></strong></span> <span class='ocrx_word' id='word_1_125' title='bbox 481 1947 526 2032; x_wconf 81' lang='grc' dir='ltr'><strong><em>μὴ</em></strong></span> <span class='ocrx_word' id='word_1_126' title='bbox 549 1943 634 2027; x_wconf 77' lang='grc' dir='ltr'><strong><em>ἔχειν</em></strong></span> <span class='ocrx_word' id='word_1_127' title='bbox 662 1945 741 2032; x_wconf 68' lang='grc' dir='ltr'><strong><em>μήτε</em></strong></span> <span class='ocrx_word' id='word_1_128' title='bbox 764 1943 904 2031; x_wconf 78' lang='grc' dir='ltr'><strong><em>οἴκησιν.</em></strong></span> <span class='ocrx_word' id='word_1_129' title='bbox 942 1939 1069 2012; x_wconf 78' lang='grc' dir='ltr'><strong><em>σύνεστι</em></strong></span> <span class='ocrx_word' id='word_1_130' title='bbox 1093 1947 1130 2012; x_wconf 87' lang='grc' dir='ltr'><strong><em>δέ</em></strong></span> <span class='ocrx_word' id='word_1_131' title='bbox 1158 1953 1253 2015; x_wconf 78' lang='grc' dir='ltr'><strong><em>τούτο</em></strong></span> <span class='ocrx_word' id='word_1_132' title='bbox 1284 1949 1410 2036; x_wconf 83' lang='grc' dir='ltr'><strong><em>πένητι.</em></strong></span> 
     </span>
     <span class='ocr_line' id='line_1_16' title="bbox 154 2047 767 2139; baseline 0.01 -25"><span class='ocrx_word' id='word_1_133' title='bbox 154 2051 202 2114; x_wconf 85' lang='lat' dir='ltr'><strong><em>Cf.</em></strong></span> <span class='ocrx_word' id='word_1_134' title='bbox 229 2053 306 2114; x_wconf 77' lang='lat' dir='ltr'><strong>HeS.</strong></span> <span class='ocrx_word' id='word_1_135' title='bbox 331 2074 356 2120; x_wconf 81' lang='lat' dir='ltr'><strong><em>s,</em></strong></span> <span class='ocrx_word' id='word_1_136' title='bbox 379 2075 430 2120; x_wconf 88' lang='lat' dir='ltr'><strong><em>vv.</em></strong></span> <span class='ocrx_word' id='word_1_137' title='bbox 455 2047 603 2139; x_wconf 83' lang='grc' dir='ltr'><strong><em>άστιγνόν,</em></strong></span> <span class='ocrx_word' id='word_1_138' title='bbox 627 2047 767 2133; x_wconf 78' lang='grc' dir='ltr'><strong><em>άστῆνες.</em></strong></span> 
     </span>
    </p>

    <p class='ocr_par' dir='ltr' id='par_1_6' title="bbox 153 2145 1472 2448">
     <span class='ocr_line' id='line_1_17' title="bbox 239 2145 1472 2248; baseline 0.004 -28"><span class='ocrx_word' id='word_1_139' title='bbox 239 2155 355 2243; x_wconf 79' lang='grc' dir='ltr'><strong><em>βοτήρ·</em></strong></span> <span class='ocrx_word' id='word_1_140' title='bbox 398 2153 436 2224; x_wconf 85' lang='grc' dir='ltr'><strong><em>τὸ</em></strong></span> <span class='ocrx_word' id='word_1_141' title='bbox 473 2150 573 2242; x_wconf 83' lang='grc' dir='ltr'><strong><em>άκρον</em></strong></span> <span class='ocrx_word' id='word_1_142' title='bbox 607 2161 665 2223; x_wconf 82' lang='grc' dir='ltr'><strong><em>τοῦ</em></strong></span> <span class='ocrx_word' id='word_1_143' title='bbox 702 2160 766 2222; x_wconf 77' lang='grc' dir='ltr'><strong><em>τῶν</em></strong></span> <span class='ocrx_word' id='word_1_144' title='bbox 801 2152 998 2222; x_wconf 71' lang='grc' dir='ltr'><strong><em>πεντάθλων</em></strong></span> <span class='ocrx_word' id='word_1_145' title='bbox 1037 2152 1242 2240; x_wconf 86' lang='grc' dir='ltr'><strong><em>σκάμματος,</em></strong></span> <span class='ocrx_word' id='word_1_146' title='bbox 1280 2151 1340 2248; x_wconf 73' lang='grc' dir='ltr'><strong><em>ἀφ’</em></strong></span> <span class='ocrx_word' id='word_1_147' title='bbox 1374 2145 1411 2225; x_wconf 79' lang='grc' dir='ltr'><strong><em>ού</em></strong></span> <span class='ocrx_word' id='word_1_148' title='bbox 1423 2175 1472 2238; x_wconf 86' lang='lat'><strong><em>39.</em></strong></span> 
     </span>
     <span class='ocr_line' id='line_1_18' title="bbox 153 2254 1412 2347; baseline 0.002 -22"><span class='ocrx_word' id='word_1_149' title='bbox 153 2254 311 2327; x_wconf 83' lang='grc' dir='ltr'><strong><em>άλλονται</em></strong></span> <span class='ocrx_word' id='word_1_150' title='bbox 342 2256 542 2347; x_wconf 82' lang='grc' dir='ltr'><strong><em>τὸπρῶτον.</em></strong></span> <span class='ocrx_word' id='word_1_151' title='bbox 582 2261 750 2341; x_wconf 82' lang='grc' dir='ltr'><strong><em>Σέλευκος.</em></strong></span> <span class='ocrx_word' id='word_1_152' title='bbox 794 2265 895 2331; x_wconf 81' lang='lat' dir='ltr'><strong>Bekk.</strong></span> <span class='ocrx_word' id='word_1_153' title='bbox 921 2264 984 2326; x_wconf 91' lang='lat' dir='ltr'><strong><em>An.</em></strong></span> <span class='ocrx_word' id='word_1_154' title='bbox 1009 2265 1022 2325; x_wconf 90' lang='grc' dir='ltr'>Ι</span> <span class='ocrx_word' id='word_1_155' title='bbox 1046 2281 1118 2341; x_wconf 85' lang='lat'><strong>224.</strong></span> <span class='ocrx_word' id='word_1_156' title='bbox 1167 2263 1215 2331; x_wconf 85' lang='lat' dir='ltr'><strong><em>Cf.</em></strong></span> <span class='ocrx_word' id='word_1_157' title='bbox 1238 2266 1358 2330; x_wconf 81' lang='lat' dir='ltr'><strong>Polluc.</strong></span> <span class='ocrx_word' id='word_1_158' title='bbox 1382 2267 1412 2328; x_wconf 90' lang='lat' dir='ltr'><strong><em>II</em></strong></span> 
     </span>
     <span class='ocr_line' id='line_1_19' title="bbox 154 2385 359 2448; baseline 0.01 -19"><span class='ocrx_word' id='word_1_159' title='bbox 154 2385 217 2430; x_wconf 87' lang='lat'><strong><em>200</em></strong></span> <span class='ocrx_word' id='word_1_160' title='bbox 238 2389 270 2448; x_wconf 89' lang='lat' dir='ltr'><strong><em>p.</em></strong></span> <span class='ocrx_word' id='word_1_161' title='bbox 291 2385 359 2431; x_wconf 89' lang='lat'><strong>100.</strong></span> 
     </span>
    </p>

    <p class='ocr_par' dir='ltr' id='par_1_7' title="bbox 238 2466 1413 2560">
     <span class='ocr_line' id='line_1_20' title="bbox 238 2466 1413 2560; baseline 0.001 -23"><span class='ocrx_word' id='word_1_162' title='bbox 238 2471 356 2558; x_wconf 79' lang='grc' dir='ltr'><strong><em>βατύρ·</em></strong></span> <span class='ocrx_word' id='word_1_163' title='bbox 377 2466 396 2560; x_wconf 79' lang='grc' dir='ltr'><em>ἦ</em></span> <span class='ocrx_word' id='word_1_164' title='bbox 413 2468 496 2560; x_wconf 76' lang='grc' dir='ltr'><strong><em>όιρχὴ</em></strong></span> <span class='ocrx_word' id='word_1_165' title='bbox 510 2477 568 2539; x_wconf 86' lang='grc' dir='ltr'><strong><em>τού</em></strong></span> <span class='ocrx_word' id='word_1_166' title='bbox 582 2475 646 2536; x_wconf 84' lang='grc' dir='ltr'><strong><em>τῶν</em></strong></span> <span class='ocrx_word' id='word_1_167' title='bbox 661 2467 860 2538; x_wconf 88' lang='grc' dir='ltr'><strong><em>πεντάθλων</em></strong></span> <span class='ocrx_word' id='word_1_168' title='bbox 875 2469 1076 2554; x_wconf 89' lang='grc' dir='ltr'><strong><em>σκάμματος.</em></strong></span> <span class='ocrx_word' id='word_1_169' title='bbox 1103 2468 1218 2539; x_wconf 79' lang='grc' dir='ltr'><strong><em>»αὐτὸν</em></strong></span> <span class='ocrx_word' id='word_1_170' title='bbox 1234 2473 1413 2557; x_wconf 87' lang='grc' dir='ltr'><strong><em>κέκρουκας</em></strong></span> 
     </span>
    </p>
   </div>
   <div class='ocr_carea' id='block_1_4' title="bbox 151 2569 1412 2764">
    <p class='ocr_par' dir='ltr' id='par_1_8' title="bbox 151 2569 1412 2764">
     <span class='ocr_line' id='line_1_21' title="bbox 151 2569 1412 2666; baseline 0.002 -25"><span class='ocrx_word' id='word_1_171' title='bbox 151 2573 209 2643; x_wconf 89' lang='grc' dir='ltr'><strong><em>τὸν</em></strong></span> <span class='ocrx_word' id='word_1_172' title='bbox 223 2579 349 2663; x_wconf 75' lang='grc' dir='ltr'><strong><em>βατῆρα</em></strong></span> <span class='ocrx_word' id='word_1_173' title='bbox 362 2580 419 2644; x_wconf 82' lang='grc' dir='ltr'><strong><em>τοῦ</em></strong></span> <span class='ocrx_word' id='word_1_174' title='bbox 437 2574 553 2663; x_wconf 81' lang='grc' dir='ltr'><strong><em>λόγου&lt;&lt;</em></strong></span> <span class='ocrx_word' id='word_1_175' title='bbox 577 2575 659 2666; x_wconf 82' lang='grc' dir='ltr'><strong><em>φησί</em></strong></span> <span class='ocrx_word' id='word_1_176' title='bbox 673 2601 732 2655; x_wconf 90' lang='grc' dir='ltr'><strong><em>τις.</em></strong></span> <span class='ocrx_word' id='word_1_177' title='bbox 758 2569 807 2644; x_wconf 79' lang='grc' dir='ltr'><strong><em>ὅτι</em></strong></span> <span class='ocrx_word' id='word_1_178' title='bbox 824 2573 861 2643; x_wconf 88' lang='grc' dir='ltr'><strong><em>τὸ</em></strong></span> <span class='ocrx_word' id='word_1_179' title='bbox 877 2573 1132 2661; x_wconf 80' lang='grc' dir='ltr'><strong><em>ἐπικαιρότατον</em></strong></span> <span class='ocrx_word' id='word_1_180' title='bbox 1147 2578 1204 2644; x_wconf 88' lang='grc' dir='ltr'><strong><em>καί</em></strong></span> <span class='ocrx_word' id='word_1_181' title='bbox 1219 2575 1256 2646; x_wconf 90' lang='grc' dir='ltr'><strong><em>τὸ</em></strong></span> <span class='ocrx_word' id='word_1_182' title='bbox 1272 2583 1412 2664; x_wconf 81' lang='grc' dir='ltr'><strong><em>πρῶτον.</em></strong></span> 
     </span>
     <span class='ocr_line' id='line_1_22' title="bbox 154 2684 422 2764; baseline 0.004 -19"><span class='ocrx_word' id='word_1_183' title='bbox 154 2684 206 2746; x_wconf 87' lang='lat' dir='ltr'><strong><em>Et.</em></strong></span> <span class='ocrx_word' id='word_1_184' title='bbox 230 2705 271 2751; x_wconf 88' lang='lat' dir='ltr'><strong><em>m.</em></strong></span> <span class='ocrx_word' id='word_1_185' title='bbox 301 2703 368 2764; x_wconf 88' lang='lat'>192.</span> <span class='ocrx_word' id='word_1_186' title='bbox 394 2701 422 2746; x_wconf 88' lang='lat'><strong><em>2.</em></strong></span> 
     </span>
    </p>
   </div>
   <div class='ocr_carea' id='block_1_5' title="bbox 151 2798 1472 4365">
    <p class='ocr_par' dir='ltr' id='par_1_9' title="bbox 151 2798 1472 3104">
     <span class='ocr_line' id='line_1_23' title="bbox 238 2798 1472 2893; baseline 0.002 -25"><span class='ocrx_word' id='word_1_187' title='bbox 238 2806 350 2889; x_wconf 77' lang='grc' dir='ltr'><strong><em>βλῆμα</em></strong></span> <span class='ocrx_word' id='word_1_188' title='bbox 373 2805 410 2871; x_wconf 91' lang='grc' dir='ltr'><strong><em>δέ</em></strong></span> <span class='ocrx_word' id='word_1_189' title='bbox 433 2827 516 2893; x_wconf 82' lang='grc' dir='ltr'><strong><em>φησι</em></strong></span> <span class='ocrx_word' id='word_1_190' title='bbox 539 2805 719 2870; x_wconf 87' lang='grc' dir='ltr'><strong><em>καλεῖσθαι</em></strong></span> <span class='ocrx_word' id='word_1_191' title='bbox 750 2801 805 2870; x_wconf 85' lang='grc' dir='ltr'><strong><em>τὸν</em></strong></span> <span class='ocrx_word' id='word_1_192' title='bbox 835 2803 1090 2890; x_wconf 82' lang='grc' dir='ltr'><strong><em>ἐντεθρυμμένον</em></strong></span> <span class='ocrx_word' id='word_1_193' title='bbox 1119 2798 1217 2889; x_wconf 81' lang='grc' dir='ltr'><strong><em>άρτον</em></strong></span> <span class='ocrx_word' id='word_1_194' title='bbox 1245 2805 1303 2871; x_wconf 83' lang='grc' dir='ltr'><strong><em>καί</em></strong></span> <span class='ocrx_word' id='word_1_195' title='bbox 1334 2812 1472 2890; x_wconf 82' lang='grc' dir='ltr'><strong><em>θερ-4ο.</em></strong></span> 
     </span>
     <span class='ocr_line' id='line_1_24' title="bbox 153 2905 1412 2996; baseline 0.002 -22"><span class='ocrx_word' id='word_1_196' title='bbox 153 2905 216 2990; x_wconf 90' lang='grc' dir='ltr'><strong><em>μὸν</em></strong></span> <span class='ocrx_word' id='word_1_197' title='bbox 237 2909 404 2989; x_wconf 82' lang='grc' dir='ltr'><strong><em>Σέλευκος.</em></strong></span> <span class='ocrx_word' id='word_1_198' title='bbox 447 2912 567 2978; x_wconf 87' lang='lat' dir='ltr'><strong>Athen.</strong></span> <span class='ocrx_word' id='word_1_199' title='bbox 589 2911 634 2971; x_wconf 90' lang='lat' dir='ltr'><strong><em>III</em></strong></span> <span class='ocrx_word' id='word_1_200' title='bbox 657 2932 686 2991; x_wconf 91' lang='lat' dir='ltr'><strong><em>p.</em></strong></span> <span class='ocrx_word' id='word_1_201' title='bbox 715 2912 811 2986; x_wconf 89' lang='lat' dir='ltr'><strong>114d.</strong></span> <span class='ocrx_word' id='word_1_202' title='bbox 856 2911 934 2974; x_wconf 82' lang='lat' dir='ltr'><strong>Hes,</strong></span> <span class='ocrx_word' id='word_1_203' title='bbox 964 2911 1091 2996; x_wconf 83' lang='grc' dir='ltr'><strong><em>βλήθα·</em></strong></span> <span class='ocrx_word' id='word_1_204' title='bbox 1122 2907 1219 2996; x_wconf 85' lang='grc' dir='ltr'><strong><em>άρτος</em></strong></span> <span class='ocrx_word' id='word_1_205' title='bbox 1242 2906 1412 2996; x_wconf 84' lang='grc' dir='ltr'><strong><em>ἐντεθρυμ-</em></strong></span> 
     </span>
     <span class='ocr_line' id='line_1_25' title="bbox 151 3010 1290 3104; baseline 0.001 -25"><span class='ocrx_word' id='word_1_206' title='bbox 151 3013 258 3097; x_wconf 90' lang='grc' dir='ltr'><strong><em>μένος.</em></strong></span> <span class='ocrx_word' id='word_1_207' title='bbox 301 3017 402 3079; x_wconf 81' lang='lat' dir='ltr'>Extat</span> <span class='ocrx_word' id='word_1_208' title='bbox 423 3019 519 3079; x_wconf 87' lang='lat' dir='ltr'><strong>etiam</strong></span> <span class='ocrx_word' id='word_1_209' title='bbox 542 3010 683 3100; x_wconf 86' lang='grc' dir='ltr'><strong><em>βλωμός,</em></strong></span> <span class='ocrx_word' id='word_1_210' title='bbox 708 3037 773 3096; x_wconf 89' lang='lat' dir='ltr'><strong><em>quo</em></strong></span> <span class='ocrx_word' id='word_1_211' title='bbox 795 3018 1040 3078; x_wconf 84' lang='lat' dir='ltr'>commendatur</span> <span class='ocrx_word' id='word_1_212' title='bbox 1061 3016 1182 3104; x_wconf 81' lang='grc' dir='ltr'><strong><em>βλῆμα.</em></strong></span> <span class='ocrx_word' id='word_1_213' title='bbox 1284 3058 1290 3063; x_wconf 94' lang='grc'><strong>-</strong></span> 
     </span>
    </p>

    <p class='ocr_par' dir='ltr' id='par_1_10' title="bbox 152 3111 1471 3621">
     <span class='ocr_line' id='line_1_26' title="bbox 238 3111 1471 3207; baseline 0.005 -23"><span class='ocrx_word' id='word_1_214' title='bbox 238 3115 398 3200; x_wconf 86' lang='grc' dir='ltr'><strong><em>Βούδιος·</em></strong></span> <span class='ocrx_word' id='word_1_215' title='bbox 422 3118 514 3205; x_wconf 84' lang='grc' dir='ltr'><strong><em>παρὰ</em></strong></span> <span class='ocrx_word' id='word_1_216' title='bbox 539 3120 719 3207; x_wconf 79' lang='grc' dir='ltr'><strong><em>Λυσίππῳ</em></strong></span> <span class='ocrx_word' id='word_1_217' title='bbox 741 3116 778 3187; x_wconf 89' lang='grc' dir='ltr'><strong><em>τὸ</em></strong></span> <span class='ocrx_word' id='word_1_218' title='bbox 802 3111 919 3202; x_wconf 82' lang='grc' dir='ltr'><strong><em>όνομα·</em></strong></span> <span class='ocrx_word' id='word_1_219' title='bbox 955 3114 1059 3185; x_wconf 79' lang='grc' dir='ltr'><strong><em>»κύων</em></strong></span> <span class='ocrx_word' id='word_1_220' title='bbox 1080 3121 1117 3186; x_wconf 92' lang='grc' dir='ltr'><strong><em>δέ</em></strong></span> <span class='ocrx_word' id='word_1_221' title='bbox 1147 3146 1197 3201; x_wconf 84' lang='grc' dir='ltr'><strong><em>τις</em></strong></span> <span class='ocrx_word' id='word_1_222' title='bbox 1220 3117 1300 3206; x_wconf 88' lang='grc' dir='ltr'><strong><em>ἐβόα</em></strong></span> <span class='ocrx_word' id='word_1_223' title='bbox 1324 3123 1471 3204; x_wconf 79' lang='grc' dir='ltr'><strong><em>δεδε-4ι.</em></strong></span> 
     </span>
     <span class='ocr_line' id='line_1_27' title="bbox 152 3218 1411 3317; baseline 0.002 -26"><span class='ocrx_word' id='word_1_224' title='bbox 152 3227 250 3309; x_wconf 87' lang='grc' dir='ltr'><strong><em>μένος</em></strong></span> <span class='ocrx_word' id='word_1_225' title='bbox 288 3218 400 3311; x_wconf 78' lang='grc' dir='ltr'><strong><em>ὥσπερ</em></strong></span> <span class='ocrx_word' id='word_1_226' title='bbox 436 3220 611 3304; x_wconf 75' lang='grc' dir='ltr'><strong><em>Βούδιοςι.</em></strong></span> <span class='ocrx_word' id='word_1_227' title='bbox 666 3225 824 3305; x_wconf 80' lang='grc' dir='ltr'><strong><em>Σέλευκος</em></strong></span> <span class='ocrx_word' id='word_1_228' title='bbox 869 3218 1079 3292; x_wconf 86' lang='grc' dir='ltr'><strong><em>διποδίδωσιν</em></strong></span> <span class='ocrx_word' id='word_1_229' title='bbox 1115 3219 1231 3317; x_wconf 80' lang='grc' dir='ltr'><strong><em>δίφρων</em></strong></span> <span class='ocrx_word' id='word_1_230' title='bbox 1267 3221 1411 3312; x_wconf 78' lang='grc' dir='ltr'><strong><em>ἀνόητος.</em></strong></span> 
     </span>
     <span class='ocr_line' id='line_1_28' title="bbox 152 3332 1411 3416; baseline 0.003 -22"><span class='ocrx_word' id='word_1_231' title='bbox 152 3333 269 3395; x_wconf 85' lang='lat' dir='ltr'><strong>Parum</strong></span> <span class='ocrx_word' id='word_1_232' title='bbox 298 3342 386 3395; x_wconf 83' lang='lat' dir='ltr'><strong>certa</strong></span> <span class='ocrx_word' id='word_1_233' title='bbox 415 3341 505 3406; x_wconf 86' lang='lat' dir='ltr'>sunt,</span> <span class='ocrx_word' id='word_1_234' title='bbox 536 3352 620 3412; x_wconf 80' lang='lat' dir='ltr'>quae</span> <span class='ocrx_word' id='word_1_235' title='bbox 642 3333 788 3394; x_wconf 86' lang='lat' dir='ltr'>Kockius</span> <span class='ocrx_word' id='word_1_236' title='bbox 818 3332 889 3415; x_wconf 79' lang='lat' dir='ltr'><strong>(srg.</strong></span> <span class='ocrx_word' id='word_1_237' title='bbox 913 3336 1063 3398; x_wconf 86' lang='lat' dir='ltr'><strong>comicor.</strong></span> <span class='ocrx_word' id='word_1_238' title='bbox 1086 3335 1100 3396; x_wconf 94' lang='grc' dir='ltr'>Ι</span> <span class='ocrx_word' id='word_1_239' title='bbox 1124 3357 1154 3416; x_wconf 94' lang='lat' dir='ltr'><strong><em>p.</em></strong></span> <span class='ocrx_word' id='word_1_240' title='bbox 1180 3351 1241 3416; x_wconf 87' lang='lat'><strong><em>702</em></strong></span> <span class='ocrx_word' id='word_1_241' title='bbox 1272 3343 1305 3394; x_wconf 84' lang='lat' dir='ltr'><strong><em>et</em></strong></span> <span class='ocrx_word' id='word_1_242' title='bbox 1328 3333 1411 3399; x_wconf 82' lang='lat' dir='ltr'><strong>Mus.</strong></span> 
     </span>
     <span class='ocr_line' id='line_1_29' title="bbox 152 3434 1412 3519; baseline 0 -21"><span class='ocrx_word' id='word_1_243' title='bbox 152 3438 215 3500; x_wconf 93' lang='lat' dir='ltr'><strong><em>Rh.</em></strong></span> <span class='ocrx_word' id='word_1_244' title='bbox 241 3455 290 3516; x_wconf 86' lang='lat'><strong><em>30.</em></strong></span> <span class='ocrx_word' id='word_1_245' title='bbox 313 3439 388 3519; x_wconf 84' lang='lat'>413)</span> <span class='ocrx_word' id='word_1_246' title='bbox 412 3438 548 3500; x_wconf 81' lang='lat' dir='ltr'>coniecit</span> <span class='ocrx_word' id='word_1_247' title='bbox 570 3447 645 3518; x_wconf 88' lang='lat' dir='ltr'>post</span> <span class='ocrx_word' id='word_1_248' title='bbox 670 3436 843 3518; x_wconf 84' lang='grc' dir='ltr'><strong><em>δεδεμένος</em></strong></span> <span class='ocrx_word' id='word_1_249' title='bbox 865 3438 1068 3501; x_wconf 85' lang='lat' dir='ltr'>inserendum</span> <span class='ocrx_word' id='word_1_250' title='bbox 1091 3460 1161 3501; x_wconf 87' lang='lat' dir='ltr'>esse</span> <span class='ocrx_word' id='word_1_251' title='bbox 1185 3434 1276 3503; x_wconf 77' lang='grc' dir='ltr'><strong><em>ἔνδον</em></strong></span> <span class='ocrx_word' id='word_1_252' title='bbox 1297 3447 1330 3499; x_wconf 90' lang='lat' dir='ltr'><strong><em>et</em></strong></span> <span class='ocrx_word' id='word_1_253' title='bbox 1352 3458 1412 3517; x_wconf 80' lang='lat' dir='ltr'><strong><em>pro</em></strong></span> 
     </span>
     <span class='ocr_line' id='line_1_30' title="bbox 152 3539 694 3621; baseline 0.004 -14"><span class='ocrx_word' id='word_1_254' title='bbox 152 3539 296 3621; x_wconf 87' lang='grc' dir='ltr'><strong><em>Βούδιος</em></strong></span> <span class='ocrx_word' id='word_1_255' title='bbox 314 3544 517 3605; x_wconf 88' lang='lat' dir='ltr'>scribendum</span> <span class='ocrx_word' id='word_1_256' title='bbox 539 3541 694 3620; x_wconf 89' lang='grc' dir='ltr'><strong><em>Βουλίας.</em></strong></span> 
     </span>
    </p>

    <p class='ocr_par' dir='ltr' id='par_1_11' title="bbox 151 3635 1472 4153">
     <span class='ocr_line' id='line_1_31' title="bbox 239 3635 1472 3735; baseline 0.001 -23"><span class='ocrx_word' id='word_1_257' title='bbox 239 3648 398 3727; x_wconf 80' lang='grc' dir='ltr'><strong><em>Σέλευκος</em></strong></span> <span class='ocrx_word' id='word_1_258' title='bbox 427 3643 459 3712; x_wconf 79' lang='grc' dir='ltr'><strong><em>δ’</em></strong></span> <span class='ocrx_word' id='word_1_259' title='bbox 485 3646 519 3712; x_wconf 89' lang='grc' dir='ltr'><strong><em>ἐν</em></strong></span> <span class='ocrx_word' id='word_1_260' title='bbox 549 3645 714 3732; x_wconf 80' lang='grc' dir='ltr'><strong><em>γλώσσαις</em></strong></span> <span class='ocrx_word' id='word_1_261' title='bbox 741 3641 892 3732; x_wconf 90' lang='grc' dir='ltr'><strong><em>βράβυλά</em></strong></span> <span class='ocrx_word' id='word_1_262' title='bbox 923 3669 1024 3735; x_wconf 81' lang='grc' dir='ltr'><strong><em>φησιν</em></strong></span> <span class='ocrx_word' id='word_1_263' title='bbox 1053 3635 1116 3734; x_wconf 72' lang='grc' dir='ltr'><strong><em>ἦλα</em></strong></span> <span class='ocrx_word' id='word_1_264' title='bbox 1138 3642 1327 3731; x_wconf 85' lang='grc' dir='ltr'><strong><em>κοκκύμηλα</em></strong></span> <span class='ocrx_word' id='word_1_265' title='bbox 1347 3642 1411 3729; x_wconf 91' lang='grc' dir='ltr'><strong><em>μά-</em></strong></span> <span class='ocrx_word' id='word_1_266' title='bbox 1420 3665 1472 3725; x_wconf 85' lang='lat'><strong><em>42.</em></strong></span> 
     </span>
     <span class='ocr_line' id='line_1_32' title="bbox 154 3745 1411 3838; baseline -0.001 -20"><span class='ocrx_word' id='word_1_267' title='bbox 154 3753 235 3838; x_wconf 90' lang='grc' dir='ltr'><strong><em>δρυα</em></strong></span> <span class='ocrx_word' id='word_1_268' title='bbox 264 3749 305 3818; x_wconf 82' lang='grc' dir='ltr'><strong><em>τά</em></strong></span> <span class='ocrx_word' id='word_1_269' title='bbox 330 3745 411 3819; x_wconf 83' lang='grc' dir='ltr'><strong><em>αύτδι</em></strong></span> <span class='ocrx_word' id='word_1_270' title='bbox 442 3745 538 3832; x_wconf 80' lang='grc' dir='ltr'><strong><em>εἶναι,</em></strong></span> <span class='ocrx_word' id='word_1_271' title='bbox 571 3749 612 3818; x_wconf 85' lang='grc' dir='ltr'><strong><em>τὰ</em></strong></span> <span class='ocrx_word' id='word_1_272' title='bbox 642 3753 701 3836; x_wconf 82' lang='grc' dir='ltr'><strong><em>μέν</em></strong></span> <span class='ocrx_word' id='word_1_273' title='bbox 728 3751 858 3838; x_wconf 92' lang='grc' dir='ltr'><strong><em>μάδρυα</em></strong></span> <span class='ocrx_word' id='word_1_274' title='bbox 889 3745 961 3819; x_wconf 83' lang='grc' dir='ltr'><strong><em>οἷον</em></strong></span> <span class='ocrx_word' id='word_1_275' title='bbox 990 3750 1168 3837; x_wconf 92' lang='grc' dir='ltr'><strong><em>μαλόδρυα,</em></strong></span> <span class='ocrx_word' id='word_1_276' title='bbox 1198 3747 1238 3815; x_wconf 83' lang='grc' dir='ltr'><strong><em>τὰ</em></strong></span> <span class='ocrx_word' id='word_1_277' title='bbox 1272 3751 1309 3816; x_wconf 82' lang='grc' dir='ltr'><strong><em>δέ</em></strong></span> <span class='ocrx_word' id='word_1_278' title='bbox 1330 3747 1411 3836; x_wconf 91' lang='grc' dir='ltr'><strong><em>βρά-</em></strong></span> 
     </span>
     <span class='ocr_line' id='line_1_33' title="bbox 152 3843 1413 3946; baseline 0 -24"><span class='ocrx_word' id='word_1_279' title='bbox 152 3853 239 3942; x_wconf 86' lang='grc' dir='ltr'><strong><em>βυλά</em></strong></span> <span class='ocrx_word' id='word_1_280' title='bbox 262 3879 373 3944; x_wconf 81' lang='grc' dir='ltr'><strong><em>φησιν,</em></strong></span> <span class='ocrx_word' id='word_1_281' title='bbox 402 3849 452 3923; x_wconf 79' lang='grc' dir='ltr'><strong><em>ίτι</em></strong></span> <span class='ocrx_word' id='word_1_282' title='bbox 483 3849 632 3924; x_wconf 88' lang='grc' dir='ltr'><strong><em>εύκοίλια</em></strong></span> <span class='ocrx_word' id='word_1_283' title='bbox 663 3859 720 3925; x_wconf 85' lang='grc' dir='ltr'><strong><em>καὶ</em></strong></span> <span class='ocrx_word' id='word_1_284' title='bbox 742 3855 799 3946; x_wconf 79' lang='grc' dir='ltr'><strong><em>τὴν</em></strong></span> <span class='ocrx_word' id='word_1_285' title='bbox 819 3855 922 3944; x_wconf 84' lang='grc' dir='ltr'><strong><em>βορὰν</em></strong></span> <span class='ocrx_word' id='word_1_286' title='bbox 952 3852 1161 3942; x_wconf 80' lang='grc' dir='ltr'><strong><em>ἐκβάλλοντα,</em></strong></span> <span class='ocrx_word' id='word_1_287' title='bbox 1193 3843 1257 3942; x_wconf 63' lang='grc' dir='ltr'><strong><em>τ’,λα</em></strong></span> <span class='ocrx_word' id='word_1_288' title='bbox 1281 3857 1318 3922; x_wconf 88' lang='grc' dir='ltr'><strong><em>δέ</em></strong></span> <span class='ocrx_word' id='word_1_289' title='bbox 1341 3848 1413 3924; x_wconf 82' lang='grc' dir='ltr'><strong><em>οἷον</em></strong></span> 
     </span>
     <span class='ocr_line' id='line_1_34' title="bbox 151 3956 1410 4051; baseline -0.001 -23"><span class='ocrx_word' id='word_1_290' title='bbox 151 3964 252 4050; x_wconf 83' lang='grc' dir='ltr'><strong><em>μῆλα,</em></strong></span> <span class='ocrx_word' id='word_1_291' title='bbox 276 3956 320 4042; x_wconf 83' lang='grc' dir='ltr'><strong><em>ὡς</em></strong></span> <span class='ocrx_word' id='word_1_292' title='bbox 341 3962 527 4049; x_wconf 72' lang='grc' dir='ltr'><strong><em>Δημήτριος</em></strong></span> <span class='ocrx_word' id='word_1_293' title='bbox 549 3957 566 4029; x_wconf 84' lang='grc' dir='ltr'><em>ὃ</em></span> <span class='ocrx_word' id='word_1_294' title='bbox 584 3958 688 4044; x_wconf 82' lang='grc' dir='ltr'><strong><em>Ἰξίων</em></strong></span> <span class='ocrx_word' id='word_1_295' title='bbox 709 3964 796 4049; x_wconf 80' lang='grc' dir='ltr'><strong><em>λέγει</em></strong></span> <span class='ocrx_word' id='word_1_296' title='bbox 814 3964 848 4030; x_wconf 83' lang='grc' dir='ltr'><strong><em>ἐν</em></strong></span> <span class='ocrx_word' id='word_1_297' title='bbox 863 3959 1092 4051; x_wconf 77' lang='grc' dir='ltr'><strong><em>Ἐτυμολογίᾳ.</em></strong></span> <span class='ocrx_word' id='word_1_298' title='bbox 1124 3963 1244 4026; x_wconf 89' lang='lat' dir='ltr'><strong>Athen.</strong></span> <span class='ocrx_word' id='word_1_299' title='bbox 1262 3963 1292 4024; x_wconf 91' lang='lat' dir='ltr'><strong><em>II</em></strong></span> <span class='ocrx_word' id='word_1_300' title='bbox 1318 3979 1365 4043; x_wconf 86' lang='lat'><strong><em>50.</em></strong></span> <span class='ocrx_word' id='word_1_301' title='bbox 1382 3985 1410 4027; x_wconf 86' lang='lat' dir='ltr'><strong><em>a.</em></strong></span> 
     </span>
     <span class='ocr_line' id='line_1_35' title="bbox 153 4062 833 4153; baseline -0.001 -21"><span class='ocrx_word' id='word_1_302' title='bbox 153 4069 241 4137; x_wconf 88' lang='lat' dir='ltr'><strong>Suid.</strong></span> <span class='ocrx_word' id='word_1_303' title='bbox 266 4091 290 4136; x_wconf 77' lang='lat' dir='ltr'><strong><em>s,</em></strong></span> <span class='ocrx_word' id='word_1_304' title='bbox 312 4091 342 4132; x_wconf 93' lang='lat' dir='ltr'><strong><em>v.</em></strong></span> <span class='ocrx_word' id='word_1_305' title='bbox 365 4062 524 4153; x_wconf 84' lang='grc' dir='ltr'><strong><em>βράβηλα.</em></strong></span> <span class='ocrx_word' id='word_1_306' title='bbox 569 4071 620 4132; x_wconf 87' lang='lat' dir='ltr'><strong><em>Et.</em></strong></span> <span class='ocrx_word' id='word_1_307' title='bbox 646 4091 687 4133; x_wconf 90' lang='lat' dir='ltr'><strong><em>m.</em></strong></span> <span class='ocrx_word' id='word_1_308' title='bbox 710 4087 780 4136; x_wconf 89' lang='lat'><strong>211.</strong></span> <span class='ocrx_word' id='word_1_309' title='bbox 803 4071 833 4138; x_wconf 88' lang='lat'><strong><em>6.</em></strong></span> 
     </span>
    </p>

    <p class='ocr_par' dir='ltr' id='par_1_12' title="bbox 153 4166 1472 4365">
     <span class='ocr_line' id='line_1_36' title="bbox 239 4166 1472 4262; baseline -0.001 -24"><span class='ocrx_word' id='word_1_310' title='bbox 239 4173 386 4259; x_wconf 91' lang='grc' dir='ltr'><strong><em>βρέντιον</em></strong></span> <span class='ocrx_word' id='word_1_311' title='bbox 419 4173 480 4259; x_wconf 86' lang='grc' dir='ltr'><strong><em>γὰρ</em></strong></span> <span class='ocrx_word' id='word_1_312' title='bbox 513 4173 607 4260; x_wconf 80' lang='grc' dir='ltr'><strong><em>παρὰ</em></strong></span> <span class='ocrx_word' id='word_1_313' title='bbox 640 4174 858 4254; x_wconf 88' lang='grc' dir='ltr'><strong><em>Μεσσαπίοις</em></strong></span> <span class='ocrx_word' id='word_1_314' title='bbox 890 4167 911 4262; x_wconf 74' lang='grc' dir='ltr'>ἡ</span> <span class='ocrx_word' id='word_1_315' title='bbox 942 4177 999 4262; x_wconf 78' lang='grc' dir='ltr'><strong><em>τῆς</em></strong></span> <span class='ocrx_word' id='word_1_316' title='bbox 1029 4167 1155 4259; x_wconf 85' lang='grc' dir='ltr'><strong><em>ἐλάφου</em></strong></span> <span class='ocrx_word' id='word_1_317' title='bbox 1186 4168 1333 4261; x_wconf 80' lang='grc' dir='ltr'><strong><em>κεφαλή,</em></strong></span> <span class='ocrx_word' id='word_1_318' title='bbox 1367 4166 1472 4253; x_wconf 79' lang='grc' dir='ltr'><strong><em>ὡς43.</em></strong></span> 
     </span>
     <span class='ocr_line' id='line_1_37' title="bbox 153 4273 1411 4365; baseline -0.002 -19"><span class='ocrx_word' id='word_1_319' title='bbox 153 4279 312 4359; x_wconf 83' lang='grc' dir='ltr'><strong><em>Σέλευκος</em></strong></span> <span class='ocrx_word' id='word_1_320' title='bbox 335 4277 369 4345; x_wconf 88' lang='grc' dir='ltr'><strong><em>ἐν</em></strong></span> <span class='ocrx_word' id='word_1_321' title='bbox 393 4278 530 4365; x_wconf 78' lang='grc' dir='ltr'><strong><em>δευτέρῳ</em></strong></span> <span class='ocrx_word' id='word_1_322' title='bbox 553 4282 716 4365; x_wconf 85' lang='grc' dir='ltr'><strong><em>γλωσσῶν.</em></strong></span> <span class='ocrx_word' id='word_1_323' title='bbox 750 4281 862 4363; x_wconf 86' lang='lat' dir='ltr'><strong>Steph.</strong></span> <span class='ocrx_word' id='word_1_324' title='bbox 878 4282 956 4363; x_wconf 88' lang='lat' dir='ltr'><strong>Byz.</strong></span> <span class='ocrx_word' id='word_1_325' title='bbox 980 4303 1005 4344; x_wconf 84' lang='lat' dir='ltr'><strong><em>S.</em></strong></span> <span class='ocrx_word' id='word_1_326' title='bbox 1021 4302 1051 4343; x_wconf 90' lang='grc' dir='ltr'><strong><em>ν.</em></strong></span> <span class='ocrx_word' id='word_1_327' title='bbox 1075 4273 1274 4365; x_wconf 76' lang='grc' dir='ltr'><strong><em>βρεντύσιον.</em></strong></span> <span class='ocrx_word' id='word_1_328' title='bbox 1308 4279 1411 4344; x_wconf 84' lang='lat' dir='ltr'>Addit</span> 
     </span>
    </p>
   </div>
   <div class='ocr_carea' id='block_1_6' title="bbox 0 0 1635 4980">
    <p class='ocr_par' dir='ltr' id='par_1_13' title="bbox 0 0 1635 4980">
     <span class='ocr_line' id='line_1_38' title="bbox 0 0 1635 4980; baseline 0 0"><span class='ocrx_word' id='word_1_329' title='bbox 0 0 1635 4980; x_wconf 95' lang='lat' dir='ltr'><strong><em> </em></strong></span> 
     </span>
    </p>
   </div>
  </div>
 </body>
</html>
