3250 4980
724 353 938 414 ..44-

208 504 344 592 χωρεῖτό
371 528 480 595 φησιν,
515 499 601 570 ἀλλὰ
625 502 682 570 διὰ
710 502 785 584 τοὺς
813 504 1020 593 κρυφθέντας
1042 505 1170 584 παῖδας
1192 501 1291 594 αὐτῆς
1318 497 1386 570 όπδ
1408 507 1468 570 τοῦ

211 605 348 694 οὐρανοῦ
371 611 535 676 ἐλυπεῖτο.
579 611 687 674 Schol.

209 709 226 782 ὁ
250 712 406 793 Σέλευκός
426 738 527 803 φησιν
550 708 708 800 ἀχνυμένη
729 707 749 801 ἢ
771 714 967 799 λυπουμένη.
1013 715 1121 783 Schol.

147 839 196 903 29.
300 839 371 903 270.
418 813 551 902 άμεινον
574 820 611 886 δὲ
633 818 771 908 γράφειν
793 815 1033 906 καλλιπάρῃος,
1069 813 1113 884 ἵν’
1139 810 1158 909 ᾗ
1180 819 1239 886 ἐπὶ
1261 823 1318 906 τῆς
1339 824 1468 906 Κητοῦς

206 922 244 991 τὸ
275 924 442 1001 ἐπίθετον,
474 919 517 1004 ὡς
538 925 711 1004 Σέλευκος·
743 919 850 1005 άλλως
872 950 906 991 τε
928 927 986 991 καὶ
1007 924 1041 991 ἕν
1062 931 1132 1004 τοῖς
1155 921 1268 992 ἐπάνω
1288 922 1344 1011 τήν
1366 920 1469 1009 Κητὼ

207 1027 439 1116 καλλιπάρῃον
461 1023 562 1096 εἶπεν.
606 1030 713 1092 Schol.

147 1164 197 1225 30.
294 1151 363 1216 573.
409 1136 490 1216 ζῶσε
522 1135 559 1200 δὲ
592 1137 649 1201 καὶ
678 1131 838 1221 κόσμησε·
874 1135 990 1219 ἐπειδὴ
1019 1125 1102 1216 μετά
1136 1145 1280 1221 μηχανῆς
1312 1134 1467 1220 γίγνεται,

207 1239 323 1308 ἀθετεῖ
356 1237 502 1306 ἐνταῦθα
532 1235 549 1307 ὁ
579 1239 736 1319 Σέλευκος
770 1237 897 1306 δώδεκα
925 1239 1073 1324 στίχους,
1107 1234 1256 1326 ἀπρεπὲς
1289 1236 1350 1325 γὰρ
1382 1235 1469 1305 θεὰν

209 1333 310 1412 οὖσαν
332 1337 389 1432 τήν
413 1341 560 1430 Ἀθηνᾶν
580 1349 716 1428 κοσμεῖν
739 1349 887 1429 γυναῖκα.
933 1346 1042 1410 Schol.

636 1533 680 1594 ln
704 1531 840 1613 Opera
862 1542 902 1595 et
925 1534 1033 1596 Dies

148 1701 197 1762 31⁸
292 1670 343 1749 96.
387 1668 495 1745 κακῶς
518 1666 555 1732 δὲ
585 1660 679 1732 εἶπεν
710 1666 760 1731 »ἐν
793 1659 981 1753 ἀρρήκτοισι
1013 1666 1167 1750 δόμοισιν
1196 1667 1255 1733 ἐπὶ
1277 1671 1335 1734 τοῦ
1358 1667 1468 1734 πίθου

208 1771 309 1856 δόμον
332 1767 443 1838 εἰπών.
489 1772 646 1849 Σέλευκος
669 1772 706 1836 δὲ
725 1769 843 1858 γράφει
867 1771 1018 1839 πίθοισι.
1063 1774 1172 1840 Schol.
1196 1774 1306 1842 Tzetz.

148 1911 195 1974 32.
294 1893 364 1958 549·
420 1871 627 1965 πυροφόρος
678 1876 836 1955 Σέλευκος
874 1876 911 1942 δὲ
951 1873 1071 1964 γράφει
1110 1871 1188 1962 νᾶὴρ
1228 1870 1466 1964 όμβροφόροςι,

207 1984 315 2050 Schol.
339 1984 440 2049 Procl.

713 2087 757 2148 In
780 2085 959 2149 Scutum.

148 2253 198 2315 33·
293 2239 366 2300 415.
408 2214 478 2288 οὐδ’
505 2217 617 2308 ἔρρηξε
645 2217 782 2302 χαλκόν·
813 2219 971 2300 Σέλευκος
993 2217 1112 2309 γράφει
1134 2217 1264 2306 χαλκός,
1294 2215 1338 2286 ἵν’
1363 2212 1383 2310 γ’
1407 2221 1466 2289 ἐπὶ

206 2331 264 2394 τοῦ
293 2325 438 2413 δόρατος.
480 2320 500 2416 ή
532 2323 592 2412 γὰρ
626 2317 729 2404 άσπὶς
762 2318 820 2391 οόκ
854 2324 1037 2413 ἐπεποίητο
1071 2321 1141 2394 όπδ
1172 2329 1304 2409 χαλκοῦ.
1357 2328 1465 2397 Schol.

206 2435 315 2501 Tzetz.
360 2433 408 2500 cf.
439 2434 617 2512 Didymum
648 2434 688 2494 ad
720 2437 749 2494 Γ
771 2435 839 2510 348.
868 2437 905 2494 H
927 2449 998 2514 259.
1034 2438 1064 2497 P
1089 2451 1132 2512 44
1165 2436 1230 2515 (ubi
1261 2436 1346 2497 idem
1376 2446 1467 2498 extat

207 2541 411 2619 semiversus)
435 2534 572 2619 χαλκός·
597 2531 699 2612 οὕτως
721 2529 950 2622 Ἀρίσταρχος·
975 2531 1072 2604 άλλοι
1096 2539 1133 2603 δὲ
1157 2534 1215 2604 διδι
1236 2541 1295 2605 τοῦ
1317 2564 1341 2604 ν.

643 2731 686 2789 In
709 2735 839 2802 poetas
861 2733 1030 2800 tragicos,

146 2897 197 2960 34,
293 2871 477 2952 Aeschylus
515 2873 546 2932 in
575 2863 678 2934 Ἑπτὰ
710 2867 771 2933 ἐπὶ
808 2864 935 2954 Θήβας·
974 2863 1232 2952 Ἱππομέδοντος
1266 2876 1375 2959 σχήμα
1408 2871 1467 2938 καὶ

206 2975 309 3060 μέγας
330 2969 443 3054 τόπος.
488 2977 524 3038 In
555 2975 710 3057 principio
734 2976 818 3036 enim
849 2974 1037 3038 trochaeum
1061 2977 1184 3057 posuit;
1220 2999 1317 3059 quem
1340 2979 1467 3041 imitans

207 3082 388 3164 Sophocles
410 3090 493 3143 teste
516 3080 652 3143 Seleuco
682 3078 805 3160 profert
828 3082 986 3159 quaedam
1010 3091 1122 3144 contra
1153 3082 1259 3163 legem
1290 3093 1467 3146 metrorum

205 3189 287 3251 sicut
316 3188 347 3248 in
369 3187 448 3248 hoc:
483 3178 732 3270 Ἀλφεσίβοιαν,
765 3171 805 3268 ἣν
830 3176 848 3249 ὃ
878 3181 1031 3271 γεννήσας
1062 3181 1179 3273 πατήρ.
1225 3188 1401 3252 Priscianus
1424 3210 1467 3252 ex

206 3293 387 3355 Heliodoro
407 3312 458 3372 ap.
482 3290 567 3354 Keil.
590 3310 726 3370 gramm.
751 3288 805 3355 lat.
829 3290 873 3351 Ill
896 3292 1015 3367 428.1.

502 3494 716 3596 Ὑπόμνημα
743 3510 813 3568 τῶν
836 3495 1004 3587 Σόλωνος
1027 3497 1166 3584 άξόνυιν.
1211 3527 1213 3533 ·

147 3689 197 3754 35,
293 3660 450 3737 Σέλευκος
484 3651 515 3723 δ’
551 3657 585 3723 ἐν
616 3652 827 3748 όπομνήματι
863 3663 926 3726 τῶν
947 3659 1113 3739 Σόλωνος
1149 3655 1272 3741 ἀξόνων
1306 3654 1469 3745 όργεῶνάς

208 3788 291 3851 φησι
313 3766 496 3830 καλεῖσθαι
516 3760 591 3843 τοὺς
612 3759 769 3844 συνόδους
784 3766 885 3847 (Suid.
909 3761 1098 3850 συλλόγους)
1123 3763 1255 3847 ἔχοντας
1276 3764 1355 3850 περί
1376 3791 1468 3845 τινας

207 3865 315 3958 ήρωας
348 3862 369 3956 δή
401 3865 510 3947 θεούς.
554 3871 646 3938 Phot.
677 3881 710 3934 et
738 3871 826 3936 Suid.
858 3894 882 3939 s,
914 3894 943 3939 ν.
982 3867 1143 3954 όργειῦνες.
1188 3871 1236 3939 Cf.
1272 3873 1466 3954 Harpocrat.

206 3979 310 4058 (Phot.
333 3977 434 4056 Suid.)
459 3997 483 4037 s
507 3997 536 4042 v.
567 3967 742 4060 όργεῶνας·
774 3971 927 4061 ὀργειῖινες
957 3972 988 4040 δ’
1015 3973 1100 4041 εἰσὶν
1123 3975 1155 4041 οἱ
1187 3973 1246 4040 ἐπὶ
1276 3981 1356 4064 τιμῇ
1377 3979 1469 4042 θεῶν

205 4074 362 4168 δήρώιυν
384 4077 553 4159 συνιόντες.
596 4083 648 4150 Et.
673 4104 715 4150 m.
738 4083 810 4162 629.
835 4099 886 4160 23.
927 4083 1028 4150 Bekk.
1052 4083 1116 4144 An.
1142 4103 1173 4163 p.
1199 4084 1269 4146 286.
1307 4083 1469 4146 Videntur

205 4189 285 4252 haec
315 4187 474 4269 pertinere
505 4187 546 4249 ad
576 4187 703 4251 Solonis
737 4187 843 4268 legem
874 4208 925 4268 ap.
957 4187 1073 4250 Gaium
1105 4189 1215 4269 (Digg.
1235 4205 1287 4268 47.
1312 4189 1366 4271 22)
1397 4209 1467 4250 ser-

205 4303 323 4360 vatam.
370 4291 418 4355 Cl.
443 4291 502 4374 srg.
529 4295 576 4372 58.
879 4301 880 4307 ’
